{"dataset": "red_light_locations", "generatedAt": "2025-10-11T05:12:44.808466+00:00", "totals": {"locationCount": 309, "ticketCount": 1094217, "totalRevenue": 355620525.0, "ticketCountWithGeometry": 1076470}, "topLocations": [{"id": "13448765", "locationCode": "2517", "name": "Bayview Ave. and Truman Rd. / Fifeshire Rd.", "ticketCount": 33981, "totalRevenue": 11043825.0, "ward": "Ward 15", "policeDivision": "33", "activationDate": "2008-03-31", "streetA": "Bayview Ave", "streetB": "Truman Rd", "years": [2008, 2009, 2010, 2011, 2012, 2013, 2014, 2015, 2016, 2017, 2018, 2019, 2020, 2021, 2022, 2023, 2024], "months": [], "yearlyCounts": {"2008": 1416, "2009": 1962, "2010": 2291, "2011": 1966, "2012": 2210, "2013": 1589, "2014": 1093, "2015": 1163, "2016": 1994, "2017": 1934, "2018": 1648, "2019": 1591, "2020": 3383, "2021": 3679, "2022": 3106, "2023": 1745, "2024": 1211}, "longitude": -79.3866350029291, "latitude": 43.7605860032119}, {"id": "13465959", "locationCode": "2501", "name": "Richmond St. and Parliament St.", "ticketCount": 29199, "totalRevenue": 9489675.0, "ward": "Ward 13", "policeDivision": "51", "activationDate": "2007-11-09", "streetA": "Richmond St E", "streetB": "Parliament St", "years": [2007, 2008, 2009, 2010, 2011, 2012, 2013, 2014, 2015, 2016, 2017, 2018, 2019, 2020, 2021, 2022, 2023, 2024], "months": [], "yearlyCounts": {"2007": 46, "2008": 1208, "2009": 909, "2010": 998, "2011": 827, "2012": 1100, "2013": 812, "2014": 721, "2015": 809, "2016": 829, "2017": 3994, "2018": 6615, "2019": 2937, "2020": 2106, "2021": 1400, "2022": 1290, "2023": 1281, "2024": 1317}, "longitude": -79.3640229981536, "latitude": 43.6545590110734}, {"id": "14228400", "locationCode": "2578", "name": "Kennedy Rd. and HWY 401 C E Kennedy Off Ramp / William Kitchen Rd.", "ticketCount": 26861, "totalRevenue": 8729825.0, "ward": "Ward 21", "policeDivision": "41", "activationDate": "2017-12-19", "streetA": "Kennedy Rd", "streetB": "401 C E Kennedy Rd Ramp", "years": [2017, 2018, 2019, 2020, 2021, 2022, 2023, 2024], "months": [], "yearlyCounts": {"2017": 104, "2018": 5641, "2019": 5454, "2020": 4890, "2021": 2662, "2022": 2273, "2023": 2196, "2024": 3641}, "longitude": -79.2838680047475, "latitude": 43.7731870021528}, {"id": "13444532", "locationCode": "2513", "name": "Bayview Ave. and Cummer Ave.", "ticketCount": 22459, "totalRevenue": 7299175.0, "ward": "Ward 18", "policeDivision": "33", "activationDate": "2009-03-17", "streetA": "Bayview Ave", "streetB": "Cummer Ave", "years": [2009, 2010, 2011, 2012, 2013, 2014, 2015, 2016, 2017, 2018, 2019, 2020, 2021, 2022, 2023, 2024], "months": [], "yearlyCounts": {"2009": 590, "2010": 943, "2011": 811, "2012": 1227, "2013": 1194, "2014": 973, "2015": 879, "2016": 1054, "2017": 1004, "2018": 885, "2019": 1105, "2020": 2601, "2021": 2346, "2022": 2899, "2023": 2513, "2024": 1435}, "longitude": -79.3935960040456, "latitude": 43.7922969999153}, {"id": "13446799", "locationCode": "2520", "name": "Warden Ave. and Arkona Dr. / Cloverleaf Gt.", "ticketCount": 18066, "totalRevenue": 5871450.0, "ward": "Ward 22", "policeDivision": "42", "activationDate": "2008-08-11", "streetA": "Warden Ave", "streetB": "Arkona Dr", "years": [2008, 2009, 2010, 2011, 2012, 2013, 2014, 2015, 2016, 2017, 2018, 2019, 2020, 2021, 2022, 2023, 2024], "months": [], "yearlyCounts": {"2008": 369, "2009": 1218, "2010": 1235, "2011": 1113, "2012": 1351, "2013": 914, "2014": 844, "2015": 901, "2016": 1322, "2017": 1223, "2018": 1099, "2019": 1058, "2020": 1074, "2021": 773, "2022": 1153, "2023": 1798, "2024": 621}, "longitude": -79.3053560099501, "latitude": 43.7730890055368}, {"id": "13451893", "locationCode": "2505", "name": "Albion Rd. and Silverstone Dr.", "ticketCount": 17087, "totalRevenue": 5553275.0, "ward": "Ward 1", "policeDivision": "23", "activationDate": "2007-11-09", "streetA": "Albion Rd", "streetB": "Silverstone Dr", "years": [2007, 2008, 2009, 2010, 2011, 2012, 2013, 2014, 2015, 2016, 2017, 2019, 2020, 2021, 2022, 2023, 2024], "months": [], "yearlyCounts": {"2007": 222, "2008": 1467, "2009": 1137, "2010": 1092, "2011": 975, "2012": 1213, "2013": 1289, "2014": 1071, "2015": 779, "2016": 797, "2017": 604, "2019": 1181, "2020": 947, "2021": 912, "2022": 1196, "2023": 1199, "2024": 1006}, "longitude": -79.6000939933117, "latitude": 43.7429520012624}, {"id": "13457150", "locationCode": "2525", "name": "Dufferin St. and Glencairn Ave.", "ticketCount": 17062, "totalRevenue": 5545150.0, "ward": "Ward 8", "policeDivision": "13", "activationDate": "2009-03-19", "streetA": "Dufferin St", "streetB": "Glencairn Ave", "years": [2009, 2010, 2011, 2012, 2013, 2014, 2015, 2016, 2017, 2018, 2019, 2020, 2021, 2022, 2023, 2024], "months": [], "yearlyCounts": {"2009": 457, "2010": 933, "2011": 527, "2012": 998, "2013": 785, "2014": 948, "2015": 606, "2016": 619, "2017": 544, "2018": 610, "2019": 616, "2020": 2498, "2021": 2149, "2022": 1567, "2023": 1710, "2024": 1495}, "longitude": -79.4531800071891, "latitude": 43.706982004009}, {"id": "13451997", "locationCode": "2546", "name": "Jane St. and Clair Rd. / Spenvalley Dr.", "ticketCount": 17049, "totalRevenue": 5540925.0, "ward": "Ward 7", "policeDivision": "31", "activationDate": "2008-10-09", "streetA": "Jane St", "streetB": "Clair Rd", "years": [2008, 2009, 2010, 2011, 2012, 2013, 2014, 2015, 2016, 2017, 2018, 2019, 2020, 2021, 2022, 2023, 2024], "months": [], "yearlyCounts": {"2008": 472, "2009": 1883, "2010": 1353, "2011": 1308, "2012": 927, "2013": 1082, "2014": 77, "2015": 345, "2016": 1300, "2017": 958, "2018": 1069, "2019": 1412, "2020": 1524, "2021": 1065, "2022": 1004, "2023": 710, "2024": 560}, "longitude": -79.5136850048347, "latitude": 43.74124000574}, {"id": "13444656", "locationCode": "2503", "name": "Steeles Ave. and Carpenter Rd.", "ticketCount": 16923, "totalRevenue": 5499975.0, "ward": "Ward 6", "policeDivision": "32", "activationDate": "2007-11-09", "streetA": "Steeles Ave W", "streetB": "Carpenter Rd", "years": [2007, 2008, 2009, 2010, 2011, 2012, 2013, 2014, 2015, 2016, 2017, 2018, 2019, 2020, 2021, 2022, 2023, 2024], "months": [], "yearlyCounts": {"2007": 70, "2008": 1061, "2009": 1123, "2010": 835, "2011": 782, "2012": 999, "2013": 834, "2014": 747, "2015": 436, "2016": 601, "2017": 528, "2018": 804, "2019": 623, "2020": 920, "2021": 1830, "2022": 1794, "2023": 1514, "2024": 1422}, "longitude": -79.447588998966, "latitude": 43.7920130014137}, {"id": "13468970", "locationCode": "2617", "name": "Lake Shore Blvd. and Jameson Ave.", "ticketCount": 16486, "totalRevenue": 5357950.0, "ward": "Ward 4", "policeDivision": "14", "activationDate": "2017-07-10", "streetA": "Lake Shore Blvd W", "streetB": "Jameson Ave", "years": [2017, 2018, 2019, 2020, 2021, 2022, 2023, 2024], "months": [], "yearlyCounts": {"2017": 2139, "2018": 3336, "2019": 3125, "2020": 1692, "2021": 973, "2022": 1457, "2023": 1882, "2024": 1882}, "longitude": -79.4345630018802, "latitude": 43.6333410037216}], "topGroups": {"wards": [{"name": "Ward 21", "ticketCount": 96605, "totalRevenue": 31396625.0}, {"name": "Ward 10", "ticketCount": 90919, "totalRevenue": 29548675.0}, {"name": "Ward 22", "ticketCount": 84567, "totalRevenue": 27484275.0}, {"name": "Ward 23", "ticketCount": 62748, "totalRevenue": 20393100.0}, {"name": "Ward 1", "ticketCount": 62111, "totalRevenue": 20186075.0}, {"name": "Ward 4", "ticketCount": 57538, "totalRevenue": 18699850.0}, {"name": "Ward 13", "ticketCount": 55943, "totalRevenue": 18181475.0}, {"name": "Ward 18", "ticketCount": 52418, "totalRevenue": 17035850.0}, {"name": "Ward 7", "ticketCount": 52072, "totalRevenue": 16923400.0}, {"name": "Ward 8", "ticketCount": 50489, "totalRevenue": 16408925.0}], "policeDivisions": [{"name": "42", "ticketCount": 152678, "totalRevenue": 49620350.0}, {"name": "41", "ticketCount": 101110, "totalRevenue": 32860750.0}, {"name": "33", "ticketCount": 100802, "totalRevenue": 32760650.0}, {"name": "32", "ticketCount": 76421, "totalRevenue": 24836825.0}, {"name": "51", "ticketCount": 66287, "totalRevenue": 21543275.0}, {"name": "23", "ticketCount": 63458, "totalRevenue": 20623850.0}, {"name": "22", "ticketCount": 60520, "totalRevenue": 19669000.0}, {"name": "31", "ticketCount": 59523, "totalRevenue": 19344975.0}, {"name": "43", "ticketCount": 59495, "totalRevenue": 19335875.0}, {"name": "52", "ticketCount": 55873, "totalRevenue": 18158725.0}]}, "locationsById": {"13441620": {"id": "13441620", "locationCode": "2671", "name": "Steeles Ave. and Markham Rd.", "longitude": -79.2511890036955, "latitude": 43.8365980058072, "ticketCount": 1011, "totalRevenue": 328575.0, "ward": "Ward 23", "policeDivision": "42", "activationDate": "2021-06-30", "years": [2021, 2022, 2023, 2024], "months": [], "yearlyCounts": {"2021": 281, "2022": 292, "2023": 227, "2024": 211}}, "13441635": {"id": "13441635", "locationCode": "2775", "name": "Steeles Ave. and Middlefield Rd.", "longitude": -79.2679619999974, "latitude": 43.8327040020182, "ticketCount": 465, "totalRevenue": 151125.0, "ward": "Ward 23", "policeDivision": "42", "activationDate": "2022-06-29", "years": [2022, 2023, 2024], "months": [], "yearlyCounts": {"2022": 61, "2023": 223, "2024": 181}}, "13441677": {"id": "13441677", "locationCode": "2521", "name": "Steeles Ave. and Brimley Rd.", "longitude": -79.2872019971675, "latitude": 43.8282939976019, "ticketCount": 5381, "totalRevenue": 1748825.0, "ward": "Ward 23", "policeDivision": "42", "activationDate": "2008-05-29", "years": [2008, 2009, 2010, 2011, 2012, 2013, 2014, 2015, 2016, 2017, 2018, 2019, 2020, 2021, 2022, 2023, 2024], "months": [], "yearlyCounts": {"2008": 365, "2009": 462, "2010": 402, "2011": 283, "2012": 552, "2013": 477, "2014": 370, "2015": 334, "2016": 379, "2017": 201, "2018": 269, "2019": 224, "2020": 224, "2021": 193, "2022": 229, "2023": 248, "2024": 169}}, "13441776": {"id": "13441776", "locationCode": "2710", "name": "Markham Rd. and McNicoll Ave.", "longitude": -79.247816998906, "latitude": 43.8239970063578, "ticketCount": 2401, "totalRevenue": 780325.0, "ward": "Ward 23", "policeDivision": "42", "activationDate": "2021-06-11", "years": [2021, 2022, 2023, 2024], "months": [], "yearlyCounts": {"2021": 537, "2022": 670, "2023": 657, "2024": 537}}, "13441814": {"id": "13441814", "locationCode": "2723", "name": "Steeles Ave. and Kennedy Rd.", "longitude": -79.3070660087638, "latitude": 43.8236890021241, "ticketCount": 209, "totalRevenue": 67925.0, "ward": "Ward 22", "policeDivision": "42", "activationDate": "2022-11-23", "years": [2022, 2023, 2024], "months": [], "yearlyCounts": {"2022": 15, "2023": 153, "2024": 41}}, "13441833": {"id": "13441833", "locationCode": "2749", "name": "McCowan Rd. 210 metres S of Alton Towers Crcl. (North Intersection)", "longitude": -79.2751400030519, "latitude": 43.8250800011958, "ticketCount": 3045, "totalRevenue": 989625.0, "ward": "Ward 23", "policeDivision": "42", "activationDate": "2021-11-09", "years": [2021, 2022, 2023, 2024], "months": [], "yearlyCounts": {"2021": 33, "2022": 1020, "2023": 964, "2024": 1028}}, "13441903": {"id": "13441903", "locationCode": "2519", "name": "Steeles Ave. and Birchmount Rd.", "longitude": -79.3169249962472, "latitude": 43.8213920039946, "ticketCount": 9080, "totalRevenue": 2951000.0, "ward": "Ward 22", "policeDivision": "42", "activationDate": "2009-03-17", "years": [2009, 2010, 2011, 2012, 2013, 2014, 2015, 2016, 2017, 2018, 2019, 2020, 2021, 2022, 2023, 2024], "months": [], "yearlyCounts": {"2009": 276, "2010": 209, "2011": 411, "2012": 482, "2013": 345, "2014": 295, "2015": 289, "2016": 318, "2017": 183, "2018": 452, "2019": 213, "2020": 136, "2021": 1475, "2022": 1558, "2023": 1491, "2024": 947}}, "13441919": {"id": "13441919", "locationCode": "2716", "name": "Midland Ave. and Copthorne Ave.", "longitude": -79.2949340100423, "latitude": 43.8207070058596, "ticketCount": 582, "totalRevenue": 189150.0, "ward": "Ward 22", "policeDivision": "42", "activationDate": "2021-08-16", "years": [2021, 2022, 2023, 2024], "months": [], "yearlyCounts": {"2021": 76, "2022": 160, "2023": 104, "2024": 242}}, "13441926": {"id": "13441926", "locationCode": "2808", "name": "Middlefield Rd. and McNicoll Ave.", "longitude": -79.2620949976793, "latitude": 43.8201199964002, "ticketCount": 1756, "totalRevenue": 570700.0, "ward": "Ward 23", "policeDivision": "42", "activationDate": "2022-11-14", "years": [2022, 2023, 2024], "months": [], "yearlyCounts": {"2022": 86, "2023": 884, "2024": 786}}, "13442003": {"id": "13442003", "locationCode": "2679", "name": "Steeles Ave. and Warden Ave.", "longitude": -79.3244359888069, "latitude": 43.8196309971474, "ticketCount": 96, "totalRevenue": 31200.0, "ward": "Ward 22", "policeDivision": "42", "activationDate": "2022-09-16", "years": [2022, 2023, 2024], "months": [], "yearlyCounts": {"2022": 15, "2023": 44, "2024": 37}}, "13442036": {"id": "13442036", "locationCode": "2605", "name": "McCowan Rd. and McNicoll Ave.", "longitude": -79.2719800057721, "latitude": 43.8179410082595, "ticketCount": 2380, "totalRevenue": 773500.0, "ward": "Ward 23", "policeDivision": "42", "activationDate": "2017-03-14", "years": [2017, 2018, 2019, 2020, 2021, 2022, 2023, 2024], "months": [], "yearlyCounts": {"2017": 321, "2018": 355, "2019": 287, "2020": 348, "2021": 371, "2022": 256, "2023": 261, "2024": 181}}, "13442074": {"id": "13442074", "locationCode": "2731", "name": "Finch Ave. E. and Neilson Rd.", "longitude": -79.2276000011759, "latitude": 43.8162650011277, "ticketCount": 865, "totalRevenue": 281125.0, "ward": "Ward 23", "policeDivision": "42", "activationDate": "2021-09-30", "years": [2021, 2022, 2023, 2024], "months": [], "yearlyCounts": {"2021": 122, "2022": 243, "2023": 293, "2024": 207}}, "13442145": {"id": "13442145", "locationCode": "2665", "name": "Warden Ave. and Bamburgh Crcl.", "longitude": -79.3245550002299, "latitude": 43.816198999522, "ticketCount": 687, "totalRevenue": 223275.0, "ward": "Ward 22", "policeDivision": "42", "activationDate": "2024-03-01", "years": [2024], "months": [], "yearlyCounts": {"2024": 687}}, "13442174": {"id": "13442174", "locationCode": "2733", "name": "Finch Ave. and Tapscott Rd.", "longitude": -79.2371370013515, "latitude": 43.8142170010598, "ticketCount": 546, "totalRevenue": 177450.0, "ward": "Ward 23", "policeDivision": "42", "activationDate": "2023-01-18", "years": [2022, 2023, 2024], "months": [], "yearlyCounts": {"2022": 36, "2023": 256, "2024": 254}}, "13442179": {"id": "13442179", "locationCode": "2747", "name": "Victoria Park Ave. and Steeles Ave.", "longitude": -79.3413169998851, "latitude": 43.8156500059062, "ticketCount": 2743, "totalRevenue": 891475.0, "ward": "Ward 17", "policeDivision": "33", "activationDate": "2023-01-18", "years": [2022, 2023, 2024], "months": [], "yearlyCounts": {"2022": 108, "2023": 1457, "2024": 1178}}, "13442251": {"id": "13442251", "locationCode": "2698", "name": "Finch Ave. and Markham Rd.", "longitude": -79.2430759998232, "latitude": 43.8129710006548, "ticketCount": 4688, "totalRevenue": 1523600.0, "ward": "Ward 23", "policeDivision": "42", "activationDate": "2021-06-03", "years": [2021, 2022, 2023, 2024], "months": [], "yearlyCounts": {"2021": 1033, "2022": 1122, "2023": 1329, "2024": 1204}}, "13442363": {"id": "13442363", "locationCode": "2652", "name": "Kennedy Rd. and McNicoll Ave.", "longitude": -79.3019450092272, "latitude": 43.8121360060908, "ticketCount": 6042, "totalRevenue": 1963650.0, "ward": "Ward 22", "policeDivision": "42", "activationDate": "2017-09-28", "years": [2017, 2018, 2019, 2020, 2021, 2022, 2023, 2024], "months": [], "yearlyCounts": {"2017": 152, "2018": 637, "2019": 602, "2020": 1110, "2021": 1032, "2022": 947, "2023": 833, "2024": 729}}, "13442502": {"id": "13442502", "locationCode": "2636", "name": "Finch Ave. and Middlefield Rd.", "longitude": -79.2576989968394, "latitude": 43.8098879984202, "ticketCount": 1606, "totalRevenue": 521950.0, "ward": "Ward 23", "policeDivision": "42", "activationDate": "2017-03-24", "years": [2017, 2018, 2019, 2020, 2021, 2022, 2023, 2024], "months": [], "yearlyCounts": {"2017": 193, "2018": 231, "2019": 169, "2020": 141, "2021": 123, "2022": 130, "2023": 354, "2024": 265}}, "13442514": {"id": "13442514", "locationCode": "2788", "name": "Morningside Ave. and Casebridge Crt.", "longitude": -79.2027240084107, "latitude": 43.8089340028015, "ticketCount": 246, "totalRevenue": 79950.0, "ward": "Ward 25", "policeDivision": "42", "activationDate": "2022-11-23", "years": [2022, 2023, 2024], "months": [], "yearlyCounts": {"2022": 11, "2023": 145, "2024": 90}}, "13442521": {"id": "13442521", "locationCode": "2809", "name": "Sheppard Ave. and Meadowvale Rd.", "longitude": -79.1708110019805, "latitude": 43.8083760054367, "ticketCount": 388, "totalRevenue": 126100.0, "ward": "Ward 25", "policeDivision": "42", "activationDate": "2022-11-14", "years": [2023, 2024], "months": [], "yearlyCounts": {"2023": 231, "2024": 157}}, "13442522": {"id": "13442522", "locationCode": "2619", "name": "Neilson Rd. and McLevin Ave.", "longitude": -79.2216579986745, "latitude": 43.8091730021276, "ticketCount": 1073, "totalRevenue": 348725.0, "ward": "Ward 23", "policeDivision": "42", "activationDate": "2017-06-05", "years": [2017, 2018, 2019, 2020, 2021, 2022, 2023, 2024], "months": [], "yearlyCounts": {"2017": 122, "2018": 203, "2019": 155, "2020": 148, "2021": 141, "2022": 139, "2023": 99, "2024": 66}}, "13442528": {"id": "13442528", "locationCode": "2719", "name": "Steeles Ave. and Don Mills Rd.", "longitude": -79.3607760036512, "latitude": 43.8111839970382, "ticketCount": 1400, "totalRevenue": 455000.0, "ward": "Ward 17", "policeDivision": "33", "activationDate": "2021-09-13", "years": [2021, 2022, 2023, 2024], "months": [], "yearlyCounts": {"2021": 50, "2022": 239, "2023": 313, "2024": 798}}, "13442540": {"id": "13442540", "locationCode": "2793", "name": "Victoria Park Ave. and Gordon Baker Rd.", "longitude": -79.339209005151, "latitude": 43.8106600078298, "ticketCount": 1073, "totalRevenue": 348725.0, "ward": "Ward 17", "policeDivision": "33", "activationDate": "2022-09-27", "years": [2022, 2023, 2024], "months": [], "yearlyCounts": {"2022": 162, "2023": 495, "2024": 416}}, "13442585": {"id": "13442585", "locationCode": "2804", "name": "Finch Ave. and Sandhurst Crcl. (W Intersection)", "longitude": -79.2703919992287, "latitude": 43.807186003862, "ticketCount": 2304, "totalRevenue": 748800.0, "ward": "Ward 23", "policeDivision": "42", "activationDate": "2022-11-29", "years": [2022, 2023, 2024], "months": [], "yearlyCounts": {"2022": 77, "2023": 1316, "2024": 911}}, "13442643": {"id": "13442643", "locationCode": "2722", "name": "Finch Ave. and McCowan Rd.", "longitude": -79.2665059922644, "latitude": 43.8080259992832, "ticketCount": 138, "totalRevenue": 44850.0, "ward": "Ward 23", "policeDivision": "42", "activationDate": "2021-11-09", "years": [2021, 2022, 2023, 2024], "months": [], "yearlyCounts": {"2021": 7, "2022": 59, "2023": 43, "2024": 29}}, "13442651": {"id": "13442651", "locationCode": "2635", "name": "Birchmount Rd. and McNicoll Ave.", "longitude": -79.3111679978823, "latitude": 43.8086369998735, "ticketCount": 3366, "totalRevenue": 1093950.0, "ward": "Ward 22", "policeDivision": "42", "activationDate": "2017-08-11", "years": [2017, 2018, 2019, 2020, 2021, 2022, 2023, 2024], "months": [], "yearlyCounts": {"2017": 89, "2018": 269, "2019": 373, "2020": 274, "2021": 624, "2022": 537, "2023": 636, "2024": 564}}, "13442843": {"id": "13442843", "locationCode": "2756", "name": "Meadowvale Rd. and Dean Oark Rd.", "longitude": -79.1687879979813, "latitude": 43.8042250062252, "ticketCount": 1936, "totalRevenue": 629200.0, "ward": "Ward 25", "policeDivision": "42", "activationDate": "2022-03-30", "years": [2022, 2023, 2024], "months": [], "yearlyCounts": {"2022": 570, "2023": 705, "2024": 661}}, "13442866": {"id": "13442866", "locationCode": "2616", "name": "Finch Ave. and Brimley Rd.", "longitude": -79.2773999905335, "latitude": 43.8057060076328, "ticketCount": 1118, "totalRevenue": 363350.0, "ward": "Ward 23", "policeDivision": "42", "activationDate": "2017-03-10", "years": [2017, 2018, 2019, 2020, 2021, 2022, 2023, 2024], "months": [], "yearlyCounts": {"2017": 123, "2018": 102, "2019": 103, "2020": 75, "2021": 109, "2022": 209, "2023": 198, "2024": 199}}, "13442867": {"id": "13442867", "locationCode": "2538", "name": "Warden Ave. and McNicoll Ave.", "longitude": -79.3209749936509, "latitude": 43.8063490021709, "ticketCount": 12292, "totalRevenue": 3994900.0, "ward": "Ward 22", "policeDivision": "42", "activationDate": "2009-03-17", "years": [2009, 2010, 2011, 2012, 2013, 2014, 2015, 2016, 2017, 2018, 2019, 2020, 2021, 2022, 2023, 2024], "months": [], "yearlyCounts": {"2009": 643, "2010": 1482, "2011": 1283, "2012": 1296, "2013": 1176, "2014": 915, "2015": 810, "2016": 329, "2017": 209, "2018": 402, "2019": 389, "2020": 348, "2021": 946, "2022": 1173, "2023": 545, "2024": 346}}, "13443081": {"id": "13443081", "locationCode": "2645", "name": "Pharmacy Ave. and McNicoll Ave.", "longitude": -79.330734002608, "latitude": 43.8041220005354, "ticketCount": 1409, "totalRevenue": 457925.0, "ward": "Ward 22", "policeDivision": "42", "activationDate": "2017-03-24", "years": [2017, 2018, 2019, 2020, 2021, 2022, 2023, 2024], "months": [], "yearlyCounts": {"2017": 221, "2018": 182, "2019": 256, "2020": 175, "2021": 151, "2022": 183, "2023": 113, "2024": 128}}, "13443095": {"id": "13443095", "locationCode": "2649", "name": "Sheppard Ave. and Morningside Ave.", "longitude": -79.1997710048694, "latitude": 43.8019740056559, "ticketCount": 679, "totalRevenue": 220675.0, "ward": "Ward 25", "policeDivision": "42", "activationDate": "2017-03-10", "years": [2017, 2018, 2019, 2023, 2024], "months": [], "yearlyCounts": {"2017": 261, "2018": 216, "2019": 68, "2023": 45, "2024": 89}}, "13443237": {"id": "13443237", "locationCode": "2780", "name": "Sheppard Ave. and Breckon Gt./Brenyon Way", "longitude": -79.206898991275, "latitude": 43.8004800051855, "ticketCount": 567, "totalRevenue": 184275.0, "ward": "Ward 25", "policeDivision": "42", "activationDate": "2022-09-27", "years": [2022, 2023, 2024], "months": [], "yearlyCounts": {"2022": 58, "2023": 246, "2024": 263}}, "13443245": {"id": "13443245", "locationCode": "2650", "name": "Morningside Ave. and Milner Ave.", "longitude": -79.1990800062785, "latitude": 43.8002799962731, "ticketCount": 2136, "totalRevenue": 694200.0, "ward": "Ward 25", "policeDivision": "42", "activationDate": "2017-03-10", "years": [2017, 2018, 2019, 2020, 2021, 2022, 2023, 2024], "months": [], "yearlyCounts": {"2017": 625, "2018": 494, "2019": 150, "2020": 242, "2021": 193, "2022": 172, "2023": 129, "2024": 131}}, "13443302": {"id": "13443302", "locationCode": "2734", "name": "Kennedy Rd. and Finch Ave. E.", "longitude": -79.2965979921245, "latitude": 43.8012680068432, "ticketCount": 436, "totalRevenue": 141700.0, "ward": "Ward 22", "policeDivision": "42", "activationDate": "2021-11-09", "years": [2021, 2022, 2023, 2024], "months": [], "yearlyCounts": {"2021": 29, "2022": 158, "2023": 162, "2024": 87}}, "13443303": {"id": "13443303", "locationCode": "2530", "name": "Kingston Rd. and Port Union Rd. / Sheppard Ave.", "longitude": -79.1462229994315, "latitude": 43.7989240015282, "ticketCount": 1274, "totalRevenue": 414050.0, "ward": "Ward 25", "policeDivision": "42", "activationDate": "2008-03-18", "years": [2008, 2009, 2010, 2011, 2012, 2013, 2014, 2015, 2016, 2017, 2018, 2019, 2020, 2021, 2022, 2023, 2024], "months": [], "yearlyCounts": {"2008": 60, "2009": 27, "2010": 48, "2011": 67, "2012": 82, "2013": 86, "2014": 95, "2015": 95, "2016": 78, "2017": 20, "2018": 95, "2019": 113, "2020": 92, "2021": 89, "2022": 68, "2023": 86, "2024": 73}}, "13443314": {"id": "13443314", "locationCode": "2677", "name": "Warden Ave. and Bridletowne Crcl. (South Intersection)", "longitude": -79.3138820071934, "latitude": 43.7921790026872, "ticketCount": 1042, "totalRevenue": 338650.0, "ward": "Ward 22", "policeDivision": "42", "activationDate": "2021-12-16", "years": [2021, 2022, 2023, 2024], "months": [], "yearlyCounts": {"2021": 6, "2022": 435, "2023": 282, "2024": 319}}, "13443499": {"id": "13443499", "locationCode": "2725", "name": "Markham Rd. and McLevin Ave.", "longitude": -79.2410409983707, "latitude": 43.798555006947, "ticketCount": 3335, "totalRevenue": 1083875.0, "ward": "Ward 23", "policeDivision": "42", "activationDate": "2021-12-29", "years": [2021, 2022, 2023, 2024], "months": [], "yearlyCounts": {"2021": 4, "2022": 1206, "2023": 1090, "2024": 1035}}, "13443509": {"id": "13443509", "locationCode": "2575", "name": "Neilson Rd. and Sheppard Ave.", "longitude": -79.2176650080531, "latitude": 43.7981220089414, "ticketCount": 2091, "totalRevenue": 679575.0, "ward": "Ward 23", "policeDivision": "42", "activationDate": "2009-08-04", "years": [2009, 2010, 2011, 2012, 2013, 2014, 2015, 2016, 2017, 2018, 2019, 2020, 2021, 2022, 2023, 2024], "months": [], "yearlyCounts": {"2009": 108, "2010": 248, "2011": 150, "2012": 162, "2013": 149, "2014": 136, "2015": 174, "2016": 203, "2017": 51, "2018": 134, "2019": 144, "2020": 102, "2021": 74, "2022": 80, "2023": 61, "2024": 115}}, "13443562": {"id": "13443562", "locationCode": "2590", "name": "Finch Ave. and Birchmount Rd.", "longitude": -79.3059809951566, "latitude": 43.7989979995184, "ticketCount": 1035, "totalRevenue": 336375.0, "ward": "Ward 22", "policeDivision": "42", "activationDate": "2017-03-10", "years": [2017, 2018, 2019, 2020, 2021, 2022, 2023, 2024], "months": [], "yearlyCounts": {"2017": 108, "2018": 98, "2019": 111, "2020": 144, "2021": 130, "2022": 155, "2023": 131, "2024": 158}}, "13443575": {"id": "13443575", "locationCode": "2667", "name": "Brimley Rd. and Huntingwood Dr.", "longitude": -79.2733659976785, "latitude": 43.7984070025272, "ticketCount": 2370, "totalRevenue": 770250.0, "ward": "Ward 23", "policeDivision": "42", "activationDate": "2021-04-07", "years": [2021, 2022, 2023, 2024], "months": [], "yearlyCounts": {"2021": 431, "2022": 829, "2023": 580, "2024": 530}}, "13443760": {"id": "13443760", "locationCode": "2774", "name": "Sheppard Ave. and Washburn Way/Lapsley Rd.", "longitude": -79.2275419972452, "latitude": 43.7961480019253, "ticketCount": 887, "totalRevenue": 288275.0, "ward": "Ward 23", "policeDivision": "42", "activationDate": "2022-11-02", "years": [2022, 2023, 2024], "months": [], "yearlyCounts": {"2022": 21, "2023": 641, "2024": 225}}, "13443837": {"id": "13443837", "locationCode": "2699", "name": "Finch Ave. and Warden Ave.", "longitude": -79.315766003199, "latitude": 43.7967720021073, "ticketCount": 866, "totalRevenue": 281450.0, "ward": "Ward 22", "policeDivision": "42", "activationDate": "2021-06-30", "years": [2021, 2022, 2023, 2024], "months": [], "yearlyCounts": {"2021": 224, "2022": 323, "2023": 187, "2024": 132}}, "13443916": {"id": "13443916", "locationCode": "2792", "name": "Pharmacy Ave. and Huntingdale Blvd.", "longitude": -79.3271780062176, "latitude": 43.7963399968045, "ticketCount": 519, "totalRevenue": 168675.0, "ward": "Ward 22", "policeDivision": "42", "activationDate": "2022-12-05", "years": [2022, 2023, 2024], "months": [], "yearlyCounts": {"2022": 13, "2023": 286, "2024": 220}}, "13443955": {"id": "13443955", "locationCode": "2576", "name": "Sheppard Ave. and Malvern St. / Progress Ave.", "longitude": -79.2349310078247, "latitude": 43.7946620094042, "ticketCount": 11521, "totalRevenue": 3744325.0, "ward": "Ward 23", "policeDivision": "42", "activationDate": "2009-08-04", "years": [2009, 2010, 2011, 2012, 2013, 2014, 2015, 2016, 2017, 2018, 2019, 2020, 2021, 2022, 2023, 2024], "months": [], "yearlyCounts": {"2009": 73, "2010": 622, "2011": 695, "2012": 584, "2013": 507, "2014": 287, "2015": 1038, "2016": 829, "2017": 655, "2018": 801, "2019": 780, "2020": 875, "2021": 923, "2022": 1218, "2023": 1139, "2024": 495}}, "13443970": {"id": "13443970", "locationCode": "2801", "name": "Bridletown Crcl. And Finch Ave. (W Intersection)", "longitude": -79.3193119986441, "latitude": 43.7958510059553, "ticketCount": 2228, "totalRevenue": 724100.0, "ward": "Ward 22", "policeDivision": "42", "activationDate": "2022-11-29", "years": [2022, 2023, 2024], "months": [], "yearlyCounts": {"2022": 73, "2023": 1216, "2024": 939}}, "13444062": {"id": "13444062", "locationCode": "2647", "name": "Markham Rd. and Sheppard Ave.", "longitude": -79.2387520051422, "latitude": 43.7938690047402, "ticketCount": 4779, "totalRevenue": 1553175.0, "ward": "Ward 23", "policeDivision": "42", "activationDate": "2017-04-11", "years": [2017, 2018, 2019, 2020, 2021, 2022, 2023, 2024], "months": [], "yearlyCounts": {"2017": 571, "2018": 720, "2019": 636, "2020": 354, "2021": 660, "2022": 556, "2023": 460, "2024": 822}}, "13444088": {"id": "13444088", "locationCode": "2601", "name": "Finch Ave. and Gordon Baker Rd. / HWY 404 N Ramp", "longitude": -79.3412610045643, "latitude": 43.7951470000125, "ticketCount": 2121, "totalRevenue": 689325.0, "ward": "Ward 17", "policeDivision": "33", "activationDate": "2017-11-30", "years": [2017, 2018, 2019, 2020, 2021, 2022], "months": [], "yearlyCounts": {"2017": 66, "2018": 504, "2019": 498, "2020": 405, "2021": 510, "2022": 138}}, "13444138": {"id": "13444138", "locationCode": "2504", "name": "Steeles Ave. and Hilda Ave.", "longitude": -79.4292670008865, "latitude": 43.7960070062936, "ticketCount": 14274, "totalRevenue": 4639050.0, "ward": "Ward 18", "policeDivision": "32", "activationDate": "2007-11-09", "years": [2007, 2008, 2009, 2010, 2011, 2012, 2013, 2014, 2015, 2016, 2017, 2018, 2019, 2020, 2021, 2022, 2023, 2024], "months": [], "yearlyCounts": {"2007": 25, "2008": 625, "2009": 527, "2010": 760, "2011": 846, "2012": 1000, "2013": 906, "2014": 632, "2015": 710, "2016": 786, "2017": 501, "2018": 639, "2019": 455, "2020": 627, "2021": 1314, "2022": 1558, "2023": 1427, "2024": 936}}, "13444158": {"id": "13444158", "locationCode": "2778", "name": "Finch Ave. and Pharmacy Ave", "longitude": -79.3259689918428, "latitude": 43.7943310091859, "ticketCount": 1963, "totalRevenue": 637975.0, "ward": "Ward 22", "policeDivision": "42", "activationDate": "2022-09-16", "years": [2022, 2023, 2024], "months": [], "yearlyCounts": {"2022": 257, "2023": 923, "2024": 783}}, "13444177": {"id": "13444177", "locationCode": "2761", "name": "Yonge St. and Athabaska Ave.", "longitude": -79.4194219960239, "latitude": 43.7954760024605, "ticketCount": 5253, "totalRevenue": 1707225.0, "ward": "Ward 18", "policeDivision": "32", "activationDate": "2022-08-29", "years": [2022, 2023, 2024], "months": [], "yearlyCounts": {"2022": 808, "2023": 2537, "2024": 1908}}, "13444318": {"id": "13444318", "locationCode": "2779", "name": "Victoria Park Ave. and Finch Ave.", "longitude": -79.3314120082939, "latitude": 43.7931060034126, "ticketCount": 851, "totalRevenue": 276575.0, "ward": "Ward 17", "policeDivision": "33", "activationDate": "2023-02-03", "years": [2023, 2024], "months": [], "yearlyCounts": {"2023": 462, "2024": 389}}, "13444423": {"id": "13444423", "locationCode": "2683", "name": "Finch Ave. and Don Mills Rd.", "longitude": -79.3547360041712, "latitude": 43.7926600047163, "ticketCount": 1199, "totalRevenue": 389675.0, "ward": "Ward 17", "policeDivision": "33", "activationDate": "2021-05-07", "years": [2021, 2022, 2023, 2024], "months": [], "yearlyCounts": {"2021": 82, "2022": 323, "2023": 389, "2024": 405}}, "13444532": {"id": "13444532", "locationCode": "2513", "name": "Bayview Ave. and Cummer Ave.", "longitude": -79.3935960040456, "latitude": 43.7922969999153, "ticketCount": 22459, "totalRevenue": 7299175.0, "ward": "Ward 18", "policeDivision": "33", "activationDate": "2009-03-17", "years": [2009, 2010, 2011, 2012, 2013, 2014, 2015, 2016, 2017, 2018, 2019, 2020, 2021, 2022, 2023, 2024], "months": [], "yearlyCounts": {"2009": 590, "2010": 943, "2011": 811, "2012": 1227, "2013": 1194, "2014": 973, "2015": 879, "2016": 1054, "2017": 1004, "2018": 885, "2019": 1105, "2020": 2601, "2021": 2346, "2022": 2899, "2023": 2513, "2024": 1435}}, "13444590": {"id": "13444590", "locationCode": "2728", "name": "Markham Rd. and Milner Ave.", "longitude": -79.2370580017317, "latitude": 43.789554000022, "ticketCount": 490, "totalRevenue": 159250.0, "ward": "Ward 23", "policeDivision": "42", "activationDate": "2021-09-27", "years": [2021, 2022, 2023, 2024], "months": [], "yearlyCounts": {"2021": 34, "2022": 163, "2023": 172, "2024": 121}}, "13445655": {"id": "13445655", "locationCode": "2678", "name": "Willowdale Ave. and Bishop Ave.", "longitude": -79.4078709998587, "latitude": 43.7834400045557, "ticketCount": 292, "totalRevenue": 94900.0, "ward": "Ward 18", "policeDivision": "32", "activationDate": "2021-04-07", "years": [2021, 2022, 2023, 2024], "months": [], "yearlyCounts": {"2021": 51, "2022": 98, "2023": 43, "2024": 100}}, "13444601": {"id": "13444601", "locationCode": "2529", "name": "Birchmount Rd. and Huntingwood Dr.", "longitude": -79.3022949978243, "latitude": 43.7904399964523, "ticketCount": 7130, "totalRevenue": 2317250.0, "ward": "Ward 22", "policeDivision": "42", "activationDate": "2009-03-17", "years": [2009, 2010, 2011, 2012, 2013, 2014, 2015, 2016, 2017, 2018, 2019, 2020, 2021, 2022, 2023, 2024], "months": [], "yearlyCounts": {"2009": 610, "2010": 795, "2011": 618, "2012": 491, "2013": 692, "2014": 556, "2015": 555, "2016": 507, "2017": 354, "2018": 459, "2019": 439, "2020": 378, "2021": 509, "2022": 36, "2023": 51, "2024": 80}}, "13444609": {"id": "13444609", "locationCode": "2672", "name": "Steeles Ave. and Bathurst St.", "longitude": -79.4457550064858, "latitude": 43.7924070075576, "ticketCount": 646, "totalRevenue": 209950.0, "ward": "Ward 6", "policeDivision": "32", "activationDate": "2021-12-29", "years": [2022, 2023, 2024], "months": [], "yearlyCounts": {"2022": 188, "2023": 234, "2024": 224}}, "13444619": {"id": "13444619", "locationCode": "2608", "name": "Sheppard Ave. and McCowan Rd.", "longitude": -79.2588380089157, "latitude": 43.7896200075726, "ticketCount": 4530, "totalRevenue": 1472250.0, "ward": "Ward 23", "policeDivision": "42", "activationDate": "2017-03-10", "years": [2017, 2018, 2019, 2020, 2021, 2022, 2023, 2024], "months": [], "yearlyCounts": {"2017": 453, "2018": 538, "2019": 519, "2020": 339, "2021": 946, "2022": 668, "2023": 650, "2024": 417}}, "13444656": {"id": "13444656", "locationCode": "2503", "name": "Steeles Ave. and Carpenter Rd.", "longitude": -79.447588998966, "latitude": 43.7920130014137, "ticketCount": 16923, "totalRevenue": 5499975.0, "ward": "Ward 6", "policeDivision": "32", "activationDate": "2007-11-09", "years": [2007, 2008, 2009, 2010, 2011, 2012, 2013, 2014, 2015, 2016, 2017, 2018, 2019, 2020, 2021, 2022, 2023, 2024], "months": [], "yearlyCounts": {"2007": 70, "2008": 1061, "2009": 1123, "2010": 835, "2011": 782, "2012": 999, "2013": 834, "2014": 747, "2015": 436, "2016": 601, "2017": 528, "2018": 804, "2019": 623, "2020": 920, "2021": 1830, "2022": 1794, "2023": 1514, "2024": 1422}}, "13444657": {"id": "13444657", "locationCode": "2664", "name": "Finch Ave. and Liszt Gt.", "longitude": -79.3630760018579, "latitude": 43.7908339966093, "ticketCount": 1798, "totalRevenue": 584350.0, "ward": "Ward 17", "policeDivision": "33", "activationDate": "2024-03-01", "years": [2024], "months": [], "yearlyCounts": {"2024": 1798}}, "13444720": {"id": "13444720", "locationCode": "2751", "name": "Neilson Rd. and Military Trl.", "longitude": -79.2083430021465, "latitude": 43.7879720042868, "ticketCount": 1385, "totalRevenue": 450125.0, "ward": "Ward 24", "policeDivision": "43", "activationDate": "2022-03-17", "years": [2022, 2023, 2024], "months": [], "yearlyCounts": {"2022": 439, "2023": 461, "2024": 485}}, "13444761": {"id": "13444761", "locationCode": "2528", "name": "Finch Ave. and Leslie St.", "longitude": -79.3680670004262, "latitude": 43.7900119961954, "ticketCount": 3731, "totalRevenue": 1212575.0, "ward": "Ward 17", "policeDivision": "33", "activationDate": "2008-10-21", "years": [2008, 2009, 2010, 2011, 2012, 2013, 2014, 2015, 2016, 2017, 2018, 2019, 2020, 2021, 2022, 2023, 2024], "months": [], "yearlyCounts": {"2008": 38, "2009": 123, "2010": 260, "2011": 203, "2012": 229, "2013": 241, "2014": 194, "2015": 137, "2016": 195, "2017": 92, "2018": 135, "2019": 179, "2020": 414, "2021": 314, "2022": 270, "2023": 365, "2024": 342}}, "13444794": {"id": "13444794", "locationCode": "2776", "name": "Victoria Park Ave. and Van Horne Ave.", "longitude": -79.3295860000834, "latitude": 43.7892510067454, "ticketCount": 1074, "totalRevenue": 349050.0, "ward": "Ward 17", "policeDivision": "33", "activationDate": "2022-07-22", "years": [2022, 2023, 2024], "months": [], "yearlyCounts": {"2022": 240, "2023": 503, "2024": 331}}, "13444869": {"id": "13444869", "locationCode": "2577", "name": "Ellesmere Rd. and Military Trl.", "longitude": -79.1883100064072, "latitude": 43.7865780023884, "ticketCount": 7724, "totalRevenue": 2510300.0, "ward": "Ward 25", "policeDivision": "43", "activationDate": "2009-08-05", "years": [2009, 2010, 2011, 2012, 2013, 2014, 2015, 2016, 2017, 2018, 2019, 2020, 2021, 2022, 2023, 2024], "months": [], "yearlyCounts": {"2009": 81, "2010": 684, "2011": 531, "2012": 667, "2013": 539, "2014": 691, "2015": 589, "2016": 564, "2017": 392, "2018": 374, "2019": 361, "2020": 347, "2021": 406, "2022": 634, "2023": 457, "2024": 407}}, "13444901": {"id": "13444901", "locationCode": "2742", "name": "Brimley Rd. and Sheppard Ave. E", "longitude": -79.2683120020163, "latitude": 43.7875780115527, "ticketCount": 915, "totalRevenue": 297375.0, "ward": "Ward 23", "policeDivision": "42", "activationDate": "2021-09-27", "years": [2021, 2022, 2023, 2024], "months": [], "yearlyCounts": {"2021": 78, "2022": 379, "2023": 282, "2024": 176}}, "13445027": {"id": "13445027", "locationCode": "2680", "name": "Cummer Ave. and Willowdale Ave.", "longitude": -79.409916994778, "latitude": 43.7886630024238, "ticketCount": 2320, "totalRevenue": 754000.0, "ward": "Ward 18", "policeDivision": "32", "activationDate": "2021-05-25", "years": [2021, 2022, 2023, 2024], "months": [], "yearlyCounts": {"2021": 555, "2022": 285, "2023": 838, "2024": 642}}, "13445039": {"id": "13445039", "locationCode": "2757", "name": "Ellesmere Rd. and Morningside Ave.", "longitude": -79.1933420001643, "latitude": 43.7853440023859, "ticketCount": 332, "totalRevenue": 107900.0, "ward": "Ward 24", "policeDivision": "43", "activationDate": "2022-12-21", "years": [2022, 2023, 2024], "months": [], "yearlyCounts": {"2022": 1, "2023": 184, "2024": 147}}, "13445096": {"id": "13445096", "locationCode": "2648", "name": "Don Mills Rd. and Van Horne Ave.", "longitude": -79.3530289956111, "latitude": 43.7873450079363, "ticketCount": 3362, "totalRevenue": 1092650.0, "ward": "Ward 17", "policeDivision": "33", "activationDate": "2017-07-10", "years": [2017, 2018, 2019, 2020, 2021, 2022, 2023, 2024], "months": [], "yearlyCounts": {"2017": 540, "2018": 150, "2019": 585, "2020": 366, "2021": 246, "2022": 576, "2023": 532, "2024": 367}}, "13445219": {"id": "13445219", "locationCode": "2718", "name": "Sheppard Ave. and Midland Ave.", "longitude": -79.2785700014687, "latitude": 43.7853480059608, "ticketCount": 199, "totalRevenue": 64675.0, "ward": "Ward 22", "policeDivision": "42", "activationDate": "2022-09-27", "years": [2022, 2023, 2024], "months": [], "yearlyCounts": {"2022": 19, "2023": 106, "2024": 74}}, "13445257": {"id": "13445257", "locationCode": "2764", "name": "Warden ave. and Huntingwood Dr.", "longitude": -79.3109519999502, "latitude": 43.7854770033652, "ticketCount": 872, "totalRevenue": 283400.0, "ward": "Ward 22", "policeDivision": "42", "activationDate": "2022-03-17", "years": [2022, 2023, 2024], "months": [], "yearlyCounts": {"2022": 468, "2023": 284, "2024": 120}}, "13445306": {"id": "13445306", "locationCode": "2656", "name": "Steeles Ave. and Dufferin St.", "longitude": -79.4700889909467, "latitude": 43.7872830028842, "ticketCount": 1734, "totalRevenue": 563550.0, "ward": "Ward 6", "policeDivision": "32", "activationDate": "2018-09-05", "years": [2018, 2019, 2020, 2021, 2022, 2023, 2024], "months": [], "yearlyCounts": {"2018": 120, "2019": 286, "2020": 294, "2021": 226, "2022": 301, "2023": 282, "2024": 225}}, "13445452": {"id": "13445452", "locationCode": "2754", "name": "Bayview Ave. and Finch Ave. E", "longitude": -79.3921470048099, "latitude": 43.7850049957481, "ticketCount": 685, "totalRevenue": 222625.0, "ward": "Ward 18", "policeDivision": "33", "activationDate": "2022-08-19", "years": [2022, 2023, 2024], "months": [], "yearlyCounts": {"2022": 87, "2023": 231, "2024": 367}}, "13445476": {"id": "13445476", "locationCode": "2662", "name": "Kennedy Rd. and Sheppard Ave", "longitude": -79.2882629959488, "latitude": 43.7832860020415, "ticketCount": 3709, "totalRevenue": 1205425.0, "ward": "Ward 22", "policeDivision": "42", "activationDate": "2020-05-27", "years": [2020, 2021, 2022, 2023, 2024], "months": [], "yearlyCounts": {"2020": 870, "2021": 752, "2022": 826, "2023": 546, "2024": 715}}, "13445553": {"id": "13445553", "locationCode": "2646", "name": "Markham Rd. and Progress Ave.", "longitude": -79.2338900025899, "latitude": 43.7817459980457, "ticketCount": 398, "totalRevenue": 129350.0, "ward": "Ward 24", "policeDivision": "43", "activationDate": "2017-08-11", "years": [2017, 2018, 2019, 2020, 2021, 2022, 2023, 2024], "months": [], "yearlyCounts": {"2017": 23, "2018": 58, "2019": 47, "2020": 14, "2021": 58, "2022": 75, "2023": 68, "2024": 55}}, "13445620": {"id": "13445620", "locationCode": "2724", "name": "Steeles Ave. and Alness St.", "longitude": -79.481056997688, "latitude": 43.7847000015855, "ticketCount": 1271, "totalRevenue": 413075.0, "ward": "Ward 6", "policeDivision": "32", "activationDate": "2021-07-29", "years": [2021, 2022, 2023, 2024], "months": [], "yearlyCounts": {"2021": 108, "2022": 226, "2023": 435, "2024": 502}}, "13445861": {"id": "13445861", "locationCode": "2704", "name": "McCowan Rd. and Consilium Pl.", "longitude": -79.2542179919047, "latitude": 43.7795880023281, "ticketCount": 1295, "totalRevenue": 420875.0, "ward": "Ward 21", "policeDivision": "43", "activationDate": "2022-10-14", "years": [2022, 2023, 2024], "months": [], "yearlyCounts": {"2022": 105, "2023": 865, "2024": 325}}, "13445899": {"id": "13445899", "locationCode": "2799", "name": "Victoria Park Ave. and Old Sheppard Ave.", "longitude": -79.3253949976674, "latitude": 43.7803520068369, "ticketCount": 1250, "totalRevenue": 406250.0, "ward": "Ward 17", "policeDivision": "33", "activationDate": "2022-11-23", "years": [2022, 2023, 2024], "months": [], "yearlyCounts": {"2022": 37, "2023": 479, "2024": 734}}, "13445956": {"id": "13445956", "locationCode": "2806", "name": "Sheppard Ave. and Aragon Ave.", "longitude": -79.3043920041289, "latitude": 43.7795620020682, "ticketCount": 2383, "totalRevenue": 774475.0, "ward": "Ward 22", "policeDivision": "42", "activationDate": "2022-11-23", "years": [2022, 2023, 2024], "months": [], "yearlyCounts": {"2022": 116, "2023": 1258, "2024": 1009}}, "13446040": {"id": "13446040", "locationCode": "2735", "name": "Finch Ave. E. and Kenneth Ave.", "longitude": -79.4123149915302, "latitude": 43.7804750101607, "ticketCount": 360, "totalRevenue": 117000.0, "ward": "Ward 18", "policeDivision": "32", "activationDate": "2022-08-29", "years": [2021, 2022, 2023, 2024], "months": [], "yearlyCounts": {"2021": 6, "2022": 133, "2023": 130, "2024": 91}}, "13446042": {"id": "13446042", "locationCode": "2597", "name": "Steeles Ave. and Keele St.", "longitude": -79.4945059992452, "latitude": 43.7815790029302, "ticketCount": 614, "totalRevenue": 199550.0, "ward": "Ward 7", "policeDivision": "31", "activationDate": "2017-03-10", "years": [2017, 2018, 2019], "months": [], "yearlyCounts": {"2017": 255, "2018": 257, "2019": 102}}, "13446075": {"id": "13446075", "locationCode": "2713", "name": "Sheppard Ave. and Warden Ave.", "longitude": -79.30790499033, "latitude": 43.7787310059445, "ticketCount": 550, "totalRevenue": 178750.0, "ward": "Ward 22", "policeDivision": "42", "activationDate": "2021-12-29", "years": [2021, 2022, 2023, 2024], "months": [], "yearlyCounts": {"2021": 2, "2022": 203, "2023": 204, "2024": 141}}, "13446212": {"id": "13446212", "locationCode": "2653", "name": "Ellesmere Rd. and Markham Rd.", "longitude": -79.2317560025442, "latitude": 43.7764360086941, "ticketCount": 1611, "totalRevenue": 523575.0, "ward": "Ward 24", "policeDivision": "43", "activationDate": "2018-02-16", "years": [2018, 2019, 2020, 2021, 2022, 2023, 2024], "months": [], "yearlyCounts": {"2018": 119, "2019": 118, "2020": 116, "2021": 263, "2022": 303, "2023": 421, "2024": 271}}, "13446349": {"id": "13446349", "locationCode": "2813", "name": "Don Mills Rd. and Leith Hill Rd.", "longitude": -79.3478970108475, "latitude": 43.7771279992792, "ticketCount": 1134, "totalRevenue": 368550.0, "ward": "Ward 17", "policeDivision": "33", "activationDate": "2022-11-02", "years": [2022, 2023, 2024], "months": [], "yearlyCounts": {"2022": 107, "2023": 825, "2024": 202}}, "13446436": {"id": "13446436", "locationCode": "2668", "name": "Brimley Rd. and Progress Ave.", "longitude": -79.2631830057711, "latitude": 43.7752810004707, "ticketCount": 1123, "totalRevenue": 364975.0, "ward": "Ward 21", "policeDivision": "41", "activationDate": "2021-05-27", "years": [2021, 2022, 2023, 2024], "months": [], "yearlyCounts": {"2021": 196, "2022": 307, "2023": 312, "2024": 308}}, "13446514": {"id": "13446514", "locationCode": "2622", "name": "Ellesmere Rd. and Bellamy Rd.", "longitude": -79.2417590066978, "latitude": 43.7743339999482, "ticketCount": 2583, "totalRevenue": 839475.0, "ward": "Ward 24", "policeDivision": "43", "activationDate": "2017-03-10", "years": [2017, 2018, 2019, 2020, 2021, 2022, 2023, 2024], "months": [], "yearlyCounts": {"2017": 290, "2018": 441, "2019": 352, "2020": 241, "2021": 276, "2022": 398, "2023": 325, "2024": 260}}, "13446551": {"id": "13446551", "locationCode": "2681", "name": "Sheppard Ave. and Victoria Park Ave.", "longitude": -79.3230170005675, "latitude": 43.7752440086096, "ticketCount": 1081, "totalRevenue": 351325.0, "ward": "Ward 17", "policeDivision": "33", "activationDate": "2021-05-27", "years": [2021, 2022, 2023, 2024], "months": [], "yearlyCounts": {"2021": 193, "2022": 231, "2023": 291, "2024": 366}}, "13446592": {"id": "13446592", "locationCode": "2794", "name": "Markham Rd. and Brimorton Dr.", "longitude": -79.230680992998, "latitude": 43.7734990034794, "ticketCount": 2045, "totalRevenue": 664625.0, "ward": "Ward 24", "policeDivision": "43", "activationDate": "2022-10-11", "years": [2022, 2023, 2024], "months": [], "yearlyCounts": {"2022": 199, "2023": 932, "2024": 914}}, "13446608": {"id": "13446608", "locationCode": "2660", "name": "Don Mills Rd. and Sheppard Ave.", "longitude": -79.347040002097, "latitude": 43.7751070040083, "ticketCount": 1001, "totalRevenue": 325325.0, "ward": "Ward 17", "policeDivision": "33", "activationDate": "2019-09-19", "years": [2019, 2020, 2021, 2022, 2023, 2024], "months": [], "yearlyCounts": {"2019": 98, "2020": 276, "2021": 149, "2022": 172, "2023": 110, "2024": 196}}, "13446743": {"id": "13446743", "locationCode": "2555", "name": "Midland Ave. and Progress Ave.", "longitude": -79.2729859942398, "latitude": 43.7729650001435, "ticketCount": 2422, "totalRevenue": 787150.0, "ward": "Ward 21", "policeDivision": "41", "activationDate": "2009-04-16", "years": [2009, 2010, 2011, 2012, 2013, 2014, 2015, 2016, 2017, 2018, 2019, 2020, 2021, 2022, 2023, 2024], "months": [], "yearlyCounts": {"2009": 43, "2010": 129, "2011": 98, "2012": 119, "2013": 213, "2014": 199, "2015": 212, "2016": 211, "2017": 81, "2018": 154, "2019": 53, "2020": 45, "2021": 197, "2022": 215, "2023": 194, "2024": 259}}, "13446799": {"id": "13446799", "locationCode": "2520", "name": "Warden Ave. and Arkona Dr. / Cloverleaf Gt.", "longitude": -79.3053560099501, "latitude": 43.7730890055368, "ticketCount": 18066, "totalRevenue": 5871450.0, "ward": "Ward 22", "policeDivision": "42", "activationDate": "2008-08-11", "years": [2008, 2009, 2010, 2011, 2012, 2013, 2014, 2015, 2016, 2017, 2018, 2019, 2020, 2021, 2022, 2023, 2024], "months": [], "yearlyCounts": {"2008": 369, "2009": 1218, "2010": 1235, "2011": 1113, "2012": 1351, "2013": 914, "2014": 844, "2015": 901, "2016": 1322, "2017": 1223, "2018": 1099, "2019": 1058, "2020": 1074, "2021": 773, "2022": 1153, "2023": 1798, "2024": 621}}, "13446827": {"id": "13446827", "locationCode": "2688", "name": "McCowan Rd. and Ellesmere Rd.", "longitude": -79.251497995166, "latitude": 43.7721420056226, "ticketCount": 498, "totalRevenue": 161850.0, "ward": "Ward 21", "policeDivision": "43", "activationDate": "2021-08-27", "years": [2021, 2022, 2023, 2024], "months": [], "yearlyCounts": {"2021": 81, "2022": 145, "2023": 142, "2024": 130}}, "13446896": {"id": "13446896", "locationCode": "2685", "name": "Steeles Ave. and Jane St.", "longitude": -79.5217349954741, "latitude": 43.775470007186, "ticketCount": 1595, "totalRevenue": 518375.0, "ward": "Ward 7", "policeDivision": "31", "activationDate": "2021-03-05", "years": [2021, 2022, 2023, 2024], "months": [], "yearlyCounts": {"2021": 491, "2022": 397, "2023": 573, "2024": 134}}, "13446901": {"id": "13446901", "locationCode": "2791", "name": "Morningside Ave. and Kingston Rd.", "longitude": -79.1868649962557, "latitude": 43.770612002503, "ticketCount": 307, "totalRevenue": 99775.0, "ward": "Ward 24", "policeDivision": "43", "activationDate": "2023-02-28", "years": [2023, 2024], "months": [], "yearlyCounts": {"2023": 141, "2024": 166}}, "13446970": {"id": "13446970", "locationCode": "2682", "name": "Bathurst St. and Finch Ave.", "longitude": -79.4430079979777, "latitude": 43.7738590056771, "ticketCount": 677, "totalRevenue": 220025.0, "ward": "Ward 6", "policeDivision": "32", "activationDate": "2021-07-29", "years": [2021, 2022, 2023, 2024], "months": [], "yearlyCounts": {"2021": 27, "2022": 215, "2023": 231, "2024": 204}}, "13447128": {"id": "13447128", "locationCode": "2781", "name": "Sheppard ave. and Leslie St.", "longitude": -79.3641360008942, "latitude": 43.7716430115232, "ticketCount": 7098, "totalRevenue": 2306850.0, "ward": "Ward 17", "policeDivision": "33", "activationDate": "2022-08-29", "years": [2022, 2023, 2024], "months": [], "yearlyCounts": {"2022": 1053, "2023": 3476, "2024": 2569}}, "13447139": {"id": "13447139", "locationCode": "2741", "name": "Ellesmere Rd. and Brimley Rd.", "longitude": -79.2613310111036, "latitude": 43.7700650058419, "ticketCount": 923, "totalRevenue": 299975.0, "ward": "Ward 21", "policeDivision": "41", "activationDate": "2022-07-28", "years": [2022, 2023, 2024], "months": [], "yearlyCounts": {"2022": 200, "2023": 361, "2024": 362}}, "13450472": {"id": "13450472", "locationCode": "2812", "name": "Victoria Park Ave. and Curlew Dr.", "longitude": -79.3118170119237, "latitude": 43.7479620006979, "ticketCount": 1931, "totalRevenue": 627575.0, "ward": "Ward 16", "policeDivision": "33", "activationDate": "2022-11-23", "years": [2022, 2023, 2024], "months": [], "yearlyCounts": {"2022": 68, "2023": 963, "2024": 900}}, "13447211": {"id": "13447211", "locationCode": "2523", "name": "Lawrence Ave. and Morningside Ave.", "longitude": -79.1862250063822, "latitude": 43.768408003812, "ticketCount": 2047, "totalRevenue": 665275.0, "ward": "Ward 24", "policeDivision": "43", "activationDate": "2008-08-11", "years": [2008, 2009, 2010, 2011, 2012, 2013, 2014, 2015, 2016, 2017, 2018, 2019, 2020, 2021, 2022, 2023, 2024], "months": [], "yearlyCounts": {"2008": 11, "2009": 44, "2010": 86, "2011": 88, "2012": 119, "2013": 127, "2014": 126, "2015": 141, "2016": 143, "2017": 26, "2018": 155, "2019": 187, "2020": 183, "2021": 120, "2022": 68, "2023": 213, "2024": 210}}, "13447299": {"id": "13447299", "locationCode": "2798", "name": "Kennedy Rd. and Progress Ave./Glamorgan Ave.", "longitude": -79.282256997504, "latitude": 43.7694210064092, "ticketCount": 2502, "totalRevenue": 813150.0, "ward": "Ward 21", "policeDivision": "41", "activationDate": "2022-11-14", "years": [2022, 2023, 2024], "months": [], "yearlyCounts": {"2022": 49, "2023": 1354, "2024": 1099}}, "13447347": {"id": "13447347", "locationCode": "2740", "name": "Kingston Rd. and Lawrence Ave.", "longitude": -79.1896089953668, "latitude": 43.7676529995469, "ticketCount": 1372, "totalRevenue": 445900.0, "ward": "Ward 24", "policeDivision": "43", "activationDate": "2022-11-14", "years": [2022, 2023, 2024], "months": [], "yearlyCounts": {"2022": 303, "2023": 557, "2024": 512}}, "13447492": {"id": "13447492", "locationCode": "2708", "name": "Bellamy Rd. and Brimorton Dr.", "longitude": -79.23916500512, "latitude": 43.7674520013201, "ticketCount": 1227, "totalRevenue": 398775.0, "ward": "Ward 24", "policeDivision": "43", "activationDate": "2021-06-03", "years": [2021, 2022, 2023, 2024], "months": [], "yearlyCounts": {"2021": 232, "2022": 328, "2023": 367, "2024": 300}}, "13447496": {"id": "13447496", "locationCode": "2684", "name": "Ellesmere Rd. and Midland Ave.", "longitude": -79.2711099947681, "latitude": 43.7679240068039, "ticketCount": 1281, "totalRevenue": 416325.0, "ward": "Ward 21", "policeDivision": "41", "activationDate": "2022-07-28", "years": [2022, 2023, 2024], "months": [], "yearlyCounts": {"2022": 219, "2023": 557, "2024": 505}}, "13447597": {"id": "13447597", "locationCode": "2763", "name": "Empress Ave. and Yonge St", "longitude": -79.4129040055659, "latitude": 43.7692740069647, "ticketCount": 2902, "totalRevenue": 943150.0, "ward": "Ward 18", "policeDivision": "32", "activationDate": "2022-08-29", "years": [2022, 2023, 2024], "months": [], "yearlyCounts": {"2022": 399, "2023": 1585, "2024": 918}}, "13447608": {"id": "13447608", "locationCode": "2661", "name": "Steeles Ave. and Signet Dr.", "longitude": -79.5434480009718, "latitude": 43.7709200085331, "ticketCount": 5066, "totalRevenue": 1646450.0, "ward": "Ward 7", "policeDivision": "31", "activationDate": "2019-06-03", "years": [2019, 2020, 2021, 2022, 2023, 2024], "months": [], "yearlyCounts": {"2019": 318, "2020": 401, "2021": 727, "2022": 958, "2023": 867, "2024": 1795}}, "13447719": {"id": "13447719", "locationCode": "2588", "name": "Steeles Ave. and Weston Rd.", "longitude": -79.5465260053289, "latitude": 43.7702810010402, "ticketCount": 1791, "totalRevenue": 582075.0, "ward": "Ward 7", "policeDivision": "31", "activationDate": "2017-10-30", "years": [2017, 2018, 2019, 2020, 2021, 2022, 2023, 2024], "months": [], "yearlyCounts": {"2017": 58, "2018": 251, "2019": 185, "2020": 229, "2021": 286, "2022": 240, "2023": 294, "2024": 248}}, "13447779": {"id": "13447779", "locationCode": "2613", "name": "Dufferin St. and Finch Ave.", "longitude": -79.4669269987134, "latitude": 43.7688520057869, "ticketCount": 2947, "totalRevenue": 957775.0, "ward": "Ward 6", "policeDivision": "32", "activationDate": "2017-06-05", "years": [2017, 2018, 2019, 2020, 2021, 2022, 2023, 2024], "months": [], "yearlyCounts": {"2017": 457, "2018": 624, "2019": 219, "2020": 291, "2021": 289, "2022": 283, "2023": 380, "2024": 404}}, "13447827": {"id": "13447827", "locationCode": "2690", "name": "McCowan Rd. and Brimorton Dr.", "longitude": -79.2489580019758, "latitude": 43.7654209967952, "ticketCount": 4001, "totalRevenue": 1300325.0, "ward": "Ward 21", "policeDivision": "43", "activationDate": "2021-06-11", "years": [2021, 2022, 2023, 2024], "months": [], "yearlyCounts": {"2021": 1056, "2022": 1102, "2023": 905, "2024": 938}}, "13447843": {"id": "13447843", "locationCode": "2527", "name": "Ellesmere Rd. and Kennedy Rd.", "longitude": -79.2810780069511, "latitude": 43.7658020019069, "ticketCount": 5540, "totalRevenue": 1800500.0, "ward": "Ward 21", "policeDivision": "41", "activationDate": "2008-03-28", "years": [2008, 2009, 2010, 2011, 2012, 2013, 2014, 2015, 2016, 2017, 2018, 2019, 2020, 2021, 2022, 2023, 2024], "months": [], "yearlyCounts": {"2008": 225, "2009": 217, "2010": 256, "2011": 189, "2012": 235, "2013": 266, "2014": 232, "2015": 276, "2016": 326, "2017": 120, "2018": 251, "2019": 191, "2020": 729, "2021": 474, "2022": 477, "2023": 524, "2024": 552}}, "13447964": {"id": "13447964", "locationCode": "2587", "name": "Sheppard Ave. and Bayview Ave.", "longitude": -79.38805600118, "latitude": 43.7665890046041, "ticketCount": 1007, "totalRevenue": 327275.0, "ward": "Ward 18", "policeDivision": "33", "activationDate": "2017-07-14", "years": [2017, 2018, 2019, 2020, 2021, 2022, 2023, 2024], "months": [], "yearlyCounts": {"2017": 57, "2018": 127, "2019": 105, "2020": 84, "2021": 73, "2022": 259, "2023": 165, "2024": 137}}, "13448022": {"id": "13448022", "locationCode": "2737", "name": "Willowdale Ave. and Spring Garden Ave.", "longitude": -79.4009059964784, "latitude": 43.7663430021023, "ticketCount": 652, "totalRevenue": 211900.0, "ward": "Ward 18", "policeDivision": "32", "activationDate": "2021-08-27", "years": [2021, 2022, 2023, 2024], "months": [], "yearlyCounts": {"2021": 7, "2022": 205, "2023": 217, "2024": 223}}, "13448254": {"id": "13448254", "locationCode": "2670", "name": "Lawrence Ave. and Scarborough Golf Club Rd.", "longitude": -79.2158379985684, "latitude": 43.7618520036741, "ticketCount": 1216, "totalRevenue": 395200.0, "ward": "Ward 24", "policeDivision": "43", "activationDate": "2021-05-14", "years": [2021, 2022, 2023, 2024], "months": [], "yearlyCounts": {"2021": 280, "2022": 409, "2023": 265, "2024": 262}}, "13448285": {"id": "13448285", "locationCode": "2802", "name": "Steeles Ave. and Fenmar Dr.", "longitude": -79.5647840098085, "latitude": 43.7665450031896, "ticketCount": 1249, "totalRevenue": 405925.0, "ward": "Ward 7", "policeDivision": "31", "activationDate": "2023-01-18", "years": [2023, 2024], "months": [], "yearlyCounts": {"2023": 656, "2024": 593}}, "13448487": {"id": "13448487", "locationCode": "2694", "name": "Lawrence Ave. and Greencrest Crct.", "longitude": -79.2229820032987, "latitude": 43.7603119953437, "ticketCount": 3829, "totalRevenue": 1244425.0, "ward": "Ward 24", "policeDivision": "43", "activationDate": "2021-07-29", "years": [2021, 2022, 2023, 2024], "months": [], "yearlyCounts": {"2021": 730, "2022": 1321, "2023": 917, "2024": 861}}, "13448519": {"id": "13448519", "locationCode": "2676", "name": "Warden Ave. and Ellesmere Rd.", "longitude": -79.3007509906093, "latitude": 43.7611930035096, "ticketCount": 3750, "totalRevenue": 1218750.0, "ward": "Ward 21", "policeDivision": "41", "activationDate": "2021-06-11", "years": [2021, 2022, 2023, 2024], "months": [], "yearlyCounts": {"2021": 781, "2022": 1323, "2023": 865, "2024": 781}}, "13448547": {"id": "13448547", "locationCode": "2641", "name": "Lawrence Ave. and Markham Rd.", "longitude": -79.2253240008177, "latitude": 43.7598219974576, "ticketCount": 1401, "totalRevenue": 455325.0, "ward": "Ward 24", "policeDivision": "43", "activationDate": "2017-03-24", "years": [2017, 2018, 2019, 2020, 2021, 2022, 2023, 2024], "months": [], "yearlyCounts": {"2017": 106, "2018": 128, "2019": 108, "2020": 203, "2021": 258, "2022": 208, "2023": 255, "2024": 135}}, "13448601": {"id": "13448601", "locationCode": "2508", "name": "Steeles Ave. and Islington Ave.", "longitude": -79.5748709931268, "latitude": 43.7643430030644, "ticketCount": 6167, "totalRevenue": 2004275.0, "ward": "Ward 7", "policeDivision": "31", "activationDate": "2008-10-28", "years": [2008, 2009, 2010, 2011, 2012, 2013, 2014, 2015, 2016, 2017, 2018, 2019, 2020, 2021, 2022, 2023, 2024], "months": [], "yearlyCounts": {"2008": 34, "2009": 193, "2010": 181, "2011": 420, "2012": 463, "2013": 405, "2014": 386, "2015": 269, "2016": 452, "2017": 190, "2018": 377, "2019": 410, "2020": 1313, "2021": 430, "2022": 262, "2023": 230, "2024": 152}}, "13450484": {"id": "13450484", "locationCode": "2765", "name": "Lawrence Ave. and Birchmount Rd.", "longitude": -79.2848360045755, "latitude": 43.7475180081847, "ticketCount": 934, "totalRevenue": 303550.0, "ward": "Ward 21", "policeDivision": "41", "activationDate": "2022-07-28", "years": [2022, 2023, 2024], "months": [], "yearlyCounts": {"2022": 153, "2023": 426, "2024": 355}}, "13448765": {"id": "13448765", "locationCode": "2517", "name": "Bayview Ave. and Truman Rd. / Fifeshire Rd.", "longitude": -79.3866350029291, "latitude": 43.7605860032119, "ticketCount": 33981, "totalRevenue": 11043825.0, "ward": "Ward 15", "policeDivision": "33", "activationDate": "2008-03-31", "years": [2008, 2009, 2010, 2011, 2012, 2013, 2014, 2015, 2016, 2017, 2018, 2019, 2020, 2021, 2022, 2023, 2024], "months": [], "yearlyCounts": {"2008": 1416, "2009": 1962, "2010": 2291, "2011": 1966, "2012": 2210, "2013": 1589, "2014": 1093, "2015": 1163, "2016": 1994, "2017": 1934, "2018": 1648, "2019": 1591, "2020": 3383, "2021": 3679, "2022": 3106, "2023": 1745, "2024": 1211}}, "13448786": {"id": "13448786", "locationCode": "2589", "name": "Lawrence Ave. and Greencedar Crct. / Greenbrae Crct.", "longitude": -79.2330769989999, "latitude": 43.7581840043566, "ticketCount": 6473, "totalRevenue": 2103725.0, "ward": "Ward 24", "policeDivision": "43", "activationDate": "2017-03-10", "years": [2017, 2018, 2019, 2020, 2021, 2022, 2023, 2024], "months": [], "yearlyCounts": {"2017": 506, "2018": 901, "2019": 709, "2020": 711, "2021": 1212, "2022": 950, "2023": 771, "2024": 713}}, "13448822": {"id": "13448822", "locationCode": "2743", "name": "Markham Rd. and Greencedar Crct.", "longitude": -79.2247089902657, "latitude": 43.7578400050447, "ticketCount": 523, "totalRevenue": 169975.0, "ward": "Ward 24", "policeDivision": "43", "activationDate": "2021-08-27", "years": [2021, 2022, 2023, 2024], "months": [], "yearlyCounts": {"2021": 16, "2022": 161, "2023": 189, "2024": 157}}, "13448838": {"id": "13448838", "locationCode": "2807", "name": "Ellesmere Rd. and Pharmacy Ave.", "longitude": -79.3101879905761, "latitude": 43.7590310032194, "ticketCount": 1149, "totalRevenue": 373425.0, "ward": "Ward 21", "policeDivision": "41", "activationDate": "2022-11-14", "years": [2022, 2023, 2024], "months": [], "yearlyCounts": {"2022": 62, "2023": 652, "2024": 435}}, "13448840": {"id": "13448840", "locationCode": "2621", "name": "Jane St. and Stong Crt. / York Gate Blvd.", "longitude": -79.518821999491, "latitude": 43.7619170059083, "ticketCount": 8871, "totalRevenue": 2883075.0, "ward": "Ward 7", "policeDivision": "31", "activationDate": "2017-10-20", "years": [2017, 2018, 2019, 2020, 2021, 2022, 2023, 2024], "months": [], "yearlyCounts": {"2017": 326, "2018": 1239, "2019": 1136, "2020": 1005, "2021": 1060, "2022": 1705, "2023": 1277, "2024": 1123}}, "13448868": {"id": "13448868", "locationCode": "2556", "name": "Lawrence Ave. and Bellamy Rd.", "longitude": -79.2352669931062, "latitude": 43.757721009063, "ticketCount": 6206, "totalRevenue": 2016950.0, "ward": "Ward 21", "policeDivision": "43", "activationDate": "2009-04-01", "years": [2008, 2009, 2010, 2011, 2012, 2013, 2014, 2015, 2016, 2017, 2018, 2019, 2020, 2021, 2022, 2023, 2024], "months": [], "yearlyCounts": {"2008": 1, "2009": 123, "2010": 291, "2011": 228, "2012": 302, "2013": 196, "2014": 48, "2015": 494, "2016": 502, "2017": 283, "2018": 503, "2019": 540, "2020": 418, "2021": 722, "2022": 720, "2023": 596, "2024": 239}}, "13449013": {"id": "13449013", "locationCode": "2803", "name": "Victoria Park Ave. and Ellesmere Rd.", "longitude": -79.3152450009711, "latitude": 43.7578689999837, "ticketCount": 703, "totalRevenue": 228475.0, "ward": "Ward 16", "policeDivision": "33", "activationDate": "2022-11-29", "years": [2022, 2023, 2024], "months": [], "yearlyCounts": {"2022": 44, "2023": 378, "2024": 281}}, "13449204": {"id": "13449204", "locationCode": "2706", "name": "Lawrence Ave. and McCowan Rd.", "longitude": -79.2454219966348, "latitude": 43.7555480047005, "ticketCount": 1576, "totalRevenue": 512200.0, "ward": "Ward 21", "policeDivision": "43", "activationDate": "2021-08-16", "years": [2021, 2022, 2023, 2024], "months": [], "yearlyCounts": {"2021": 284, "2022": 509, "2023": 498, "2024": 285}}, "13449213": {"id": "13449213", "locationCode": "2759", "name": "Islington Ave. and Millwick Dr.", "longitude": -79.5718189909664, "latitude": 43.7600270034727, "ticketCount": 1294, "totalRevenue": 420550.0, "ward": "Ward 7", "policeDivision": "31", "activationDate": "2022-08-29", "years": [2022, 2023, 2024], "months": [], "yearlyCounts": {"2022": 25, "2023": 465, "2024": 804}}, "13449368": {"id": "13449368", "locationCode": "2814", "name": "Don Mills Rd. and York Mills Rd.", "longitude": -79.347045002303, "latitude": 43.7558110055382, "ticketCount": 450, "totalRevenue": 146250.0, "ward": "Ward 16", "policeDivision": "33", "activationDate": "2023-04-26", "years": [2023, 2024], "months": [], "yearlyCounts": {"2023": 112, "2024": 338}}, "13449501": {"id": "13449501", "locationCode": "2714", "name": "Lawrence Ave. and Brimley Rd.", "longitude": -79.2553669940847, "latitude": 43.75352600203, "ticketCount": 1618, "totalRevenue": 525850.0, "ward": "Ward 21", "policeDivision": "41", "activationDate": "2021-08-27", "years": [2021, 2022, 2023, 2024], "months": [], "yearlyCounts": {"2021": 195, "2022": 563, "2023": 495, "2024": 365}}, "13449519": {"id": "13449519", "locationCode": "2709", "name": "Weston rd. and Fenmar Dr.", "longitude": -79.543761993849, "latitude": 43.7574660031374, "ticketCount": 1335, "totalRevenue": 433875.0, "ward": "Ward 7", "policeDivision": "31", "activationDate": "2021-07-29", "years": [2021, 2022, 2023, 2024], "months": [], "yearlyCounts": {"2021": 167, "2022": 344, "2023": 380, "2024": 444}}, "13449574": {"id": "13449574", "locationCode": "2695", "name": "Steeles Ave. and Martin Grove Rd.", "longitude": -79.6033810035634, "latitude": 43.7578610076682, "ticketCount": 1912, "totalRevenue": 621400.0, "ward": "Ward 1", "policeDivision": "23", "activationDate": "2021-06-29", "years": [2021, 2022, 2023, 2024], "months": [], "yearlyCounts": {"2021": 358, "2022": 647, "2023": 519, "2024": 388}}, "13449607": {"id": "13449607", "locationCode": "2510", "name": "Bathurst St. and Sheppard Ave.", "longitude": -79.4384810044369, "latitude": 43.7554580028968, "ticketCount": 2220, "totalRevenue": 721500.0, "ward": "Ward 6", "policeDivision": "32", "activationDate": "2007-11-09", "years": [2007, 2008, 2009, 2010, 2011, 2012, 2013, 2014, 2015, 2016, 2017, 2018, 2019, 2020, 2021, 2022, 2023], "months": [], "yearlyCounts": {"2007": 5, "2008": 223, "2009": 165, "2010": 117, "2011": 188, "2012": 198, "2013": 144, "2014": 113, "2015": 132, "2016": 131, "2017": 23, "2018": 173, "2019": 150, "2020": 65, "2021": 179, "2022": 201, "2023": 13}}, "13449822": {"id": "13449822", "locationCode": "2516", "name": "Leslie St. and York Mills Rd.", "longitude": -79.3599699911438, "latitude": 43.7529540024844, "ticketCount": 2588, "totalRevenue": 841100.0, "ward": "Ward 15", "policeDivision": "33", "activationDate": "2009-08-05", "years": [2008, 2009, 2010, 2011, 2012, 2013, 2014, 2015, 2016, 2017, 2018, 2019, 2020, 2021, 2022, 2023, 2024], "months": [], "yearlyCounts": {"2008": 9, "2009": 50, "2010": 141, "2011": 145, "2012": 207, "2013": 128, "2014": 147, "2015": 133, "2016": 139, "2017": 21, "2018": 101, "2019": 105, "2020": 114, "2021": 216, "2022": 336, "2023": 323, "2024": 273}}, "13449830": {"id": "13449830", "locationCode": "2687", "name": "Lawrence Ave. and Midland Ave.", "longitude": -79.2650520049525, "latitude": 43.7515209975058, "ticketCount": 255, "totalRevenue": 82875.0, "ward": "Ward 21", "policeDivision": "41", "activationDate": "2021-09-30", "years": [2021, 2022, 2023, 2024], "months": [], "yearlyCounts": {"2021": 14, "2022": 64, "2023": 88, "2024": 89}}, "13450163": {"id": "13450163", "locationCode": "2623", "name": "Lawrence Ave. and Kennedy Rd.", "longitude": -79.2749340070665, "latitude": 43.7494969990726, "ticketCount": 1064, "totalRevenue": 345800.0, "ward": "Ward 21", "policeDivision": "41", "activationDate": "2017-03-10", "years": [2017, 2018, 2019, 2020, 2021, 2022, 2023, 2024], "months": [], "yearlyCounts": {"2017": 100, "2018": 81, "2019": 38, "2020": 118, "2021": 168, "2022": 156, "2023": 188, "2024": 215}}, "13450231": {"id": "13450231", "locationCode": "2509", "name": "Sheppard Ave. and Wilson Heights Blvd.", "longitude": -79.4567510019211, "latitude": 43.7516630010107, "ticketCount": 2039, "totalRevenue": 662675.0, "ward": "Ward 6", "policeDivision": "32", "activationDate": "2009-03-17", "years": [2009, 2010, 2011, 2012, 2013, 2014, 2015, 2016, 2017, 2018, 2019, 2020, 2021, 2022, 2023, 2024], "months": [], "yearlyCounts": {"2009": 140, "2010": 189, "2011": 169, "2012": 165, "2013": 159, "2014": 98, "2015": 160, "2016": 155, "2017": 34, "2018": 137, "2019": 147, "2020": 94, "2021": 90, "2022": 108, "2023": 92, "2024": 102}}, "13450458": {"id": "13450458", "locationCode": "2715", "name": "William R. Allen Rd. and Sheppard Ave. W", "longitude": -79.4633900003128, "latitude": 43.7502510064068, "ticketCount": 1415, "totalRevenue": 459875.0, "ward": "Ward 6", "policeDivision": "32", "activationDate": "2021-06-29", "years": [2021, 2022, 2023, 2024], "months": [], "yearlyCounts": {"2021": 275, "2022": 485, "2023": 445, "2024": 210}}, "13450532": {"id": "13450532", "locationCode": "2789", "name": "Scarborough Golf Club Rd. and Kingston Rd.", "longitude": -79.2093490084318, "latitude": 43.7460020041104, "ticketCount": 872, "totalRevenue": 283400.0, "ward": "Ward 24", "policeDivision": "43", "activationDate": "2022-10-14", "years": [2022, 2023, 2024], "months": [], "yearlyCounts": {"2022": 106, "2023": 378, "2024": 388}}, "13450586": {"id": "13450586", "locationCode": "2732", "name": "Lawrence Ave. and Howden Rd.", "longitude": -79.2879609941987, "latitude": 43.7468220061773, "ticketCount": 6447, "totalRevenue": 2095275.0, "ward": "Ward 21", "policeDivision": "41", "activationDate": "2021-12-16", "years": [2021, 2022, 2023, 2024], "months": [], "yearlyCounts": {"2021": 77, "2022": 2648, "2023": 2260, "2024": 1462}}, "13450818": {"id": "13450818", "locationCode": "2711", "name": "Lawrence Ave. and Warden Ave.", "longitude": -79.2947299975949, "latitude": 43.7453760055059, "ticketCount": 1545, "totalRevenue": 502125.0, "ward": "Ward 21", "policeDivision": "41", "activationDate": "2021-06-23", "years": [2021, 2022, 2023, 2024], "months": [], "yearlyCounts": {"2021": 272, "2022": 352, "2023": 538, "2024": 383}}, "13450997": {"id": "13450997", "locationCode": "2703", "name": "Eglinton Ave. and Markham Rd.", "longitude": -79.2189130009699, "latitude": 43.7431820018927, "ticketCount": 1112, "totalRevenue": 361400.0, "ward": "Ward 20", "policeDivision": "43", "activationDate": "2021-06-23", "years": [2021, 2022, 2023, 2024], "months": [], "yearlyCounts": {"2021": 183, "2022": 374, "2023": 309, "2024": 246}}, "13451212": {"id": "13451212", "locationCode": "2700", "name": "Lawrence Ave. and Pharmacy Ave.", "longitude": -79.3046450113134, "latitude": 43.7432420025631, "ticketCount": 3158, "totalRevenue": 1026350.0, "ward": "Ward 21", "policeDivision": "41", "activationDate": "2021-07-29", "years": [2021, 2022, 2023, 2024], "months": [], "yearlyCounts": {"2021": 324, "2022": 977, "2023": 1228, "2024": 629}}, "13451388": {"id": "13451388", "locationCode": "2543", "name": "Sheppard Ave. and Keele St.", "longitude": -79.4864519947699, "latitude": 43.7447770044339, "ticketCount": 1214, "totalRevenue": 394550.0, "ward": "Ward 6", "policeDivision": "31", "activationDate": "2009-03-17", "years": [2009, 2010, 2011, 2012, 2013, 2014, 2015, 2016, 2017, 2018, 2019, 2020, 2021, 2023, 2024], "months": [], "yearlyCounts": {"2009": 50, "2010": 63, "2011": 82, "2012": 111, "2013": 126, "2014": 85, "2015": 97, "2016": 99, "2017": 18, "2018": 62, "2019": 90, "2020": 39, "2021": 82, "2023": 97, "2024": 113}}, "13451893": {"id": "13451893", "locationCode": "2505", "name": "Albion Rd. and Silverstone Dr.", "longitude": -79.6000939933117, "latitude": 43.7429520012624, "ticketCount": 17087, "totalRevenue": 5553275.0, "ward": "Ward 1", "policeDivision": "23", "activationDate": "2007-11-09", "years": [2007, 2008, 2009, 2010, 2011, 2012, 2013, 2014, 2015, 2016, 2017, 2019, 2020, 2021, 2022, 2023, 2024], "months": [], "yearlyCounts": {"2007": 222, "2008": 1467, "2009": 1137, "2010": 1092, "2011": 975, "2012": 1213, "2013": 1289, "2014": 1071, "2015": 779, "2016": 797, "2017": 604, "2019": 1181, "2020": 947, "2021": 912, "2022": 1196, "2023": 1199, "2024": 1006}}, "13451997": {"id": "13451997", "locationCode": "2546", "name": "Jane St. and Clair Rd. / Spenvalley Dr.", "longitude": -79.5136850048347, "latitude": 43.74124000574, "ticketCount": 17049, "totalRevenue": 5540925.0, "ward": "Ward 7", "policeDivision": "31", "activationDate": "2008-10-09", "years": [2008, 2009, 2010, 2011, 2012, 2013, 2014, 2015, 2016, 2017, 2018, 2019, 2020, 2021, 2022, 2023, 2024], "months": [], "yearlyCounts": {"2008": 472, "2009": 1883, "2010": 1353, "2011": 1308, "2012": 927, "2013": 1082, "2014": 77, "2015": 345, "2016": 1300, "2017": 958, "2018": 1069, "2019": 1412, "2020": 1524, "2021": 1065, "2022": 1004, "2023": 710, "2024": 560}}, "13452017": {"id": "13452017", "locationCode": "2816", "name": "Avenue Rd. and Wilson Ave.", "longitude": -79.4216469952154, "latitude": 43.739870996623, "ticketCount": 101, "totalRevenue": 32825.0, "ward": "Ward 8", "policeDivision": "32", "activationDate": "2024-09-18", "years": [2024], "months": [], "yearlyCounts": {"2024": 101}}, "13452047": {"id": "13452047", "locationCode": "2769", "name": "Albion Rd. and Martin Grove Rd.", "longitude": -79.5942099901989, "latitude": 43.7419240050588, "ticketCount": 666, "totalRevenue": 216450.0, "ward": "Ward 1", "policeDivision": "23", "activationDate": "2022-10-11", "years": [2022, 2023, 2024], "months": [], "yearlyCounts": {"2022": 43, "2023": 373, "2024": 250}}, "13452053": {"id": "13452053", "locationCode": "2618", "name": "Eglinton Ave. and Danforth Rd.", "longitude": -79.2461639921163, "latitude": 43.7370970034513, "ticketCount": 9462, "totalRevenue": 3075150.0, "ward": "Ward 21", "policeDivision": "43", "activationDate": "2017-03-10", "years": [2017, 2018, 2019, 2020, 2021, 2022, 2023, 2024], "months": [], "yearlyCounts": {"2017": 2222, "2018": 1729, "2019": 1380, "2020": 998, "2021": 822, "2022": 921, "2023": 669, "2024": 721}}, "13452119": {"id": "13452119", "locationCode": "2702", "name": "Eglinton Ave. and Brimley Rd.", "longitude": -79.2480839990685, "latitude": 43.7366960072987, "ticketCount": 462, "totalRevenue": 150150.0, "ward": "Ward 21", "policeDivision": "41", "activationDate": "2022-08-29", "years": [2022, 2023, 2024], "months": [], "yearlyCounts": {"2022": 89, "2023": 210, "2024": 163}}, "13452130": {"id": "13452130", "locationCode": "2771", "name": "Pharmacy Ave. and Surrey ave", "longitude": -79.3022800057198, "latitude": 43.7374140047454, "ticketCount": 988, "totalRevenue": 321100.0, "ward": "Ward 21", "policeDivision": "41", "activationDate": "2022-09-16", "years": [2022, 2023, 2024], "months": [], "yearlyCounts": {"2022": 81, "2023": 400, "2024": 507}}, "13452186": {"id": "13452186", "locationCode": "2717", "name": "Lawrence Ave. and The Donway E", "longitude": -79.3409769972931, "latitude": 43.7376949952709, "ticketCount": 1268, "totalRevenue": 412100.0, "ward": "Ward 16", "policeDivision": "33", "activationDate": "2022-07-13", "years": [2022, 2023, 2024], "months": [], "yearlyCounts": {"2022": 150, "2023": 587, "2024": 531}}, "13452266": {"id": "13452266", "locationCode": "2574", "name": "Lawrence Ave. and Don Mills Rd.", "longitude": -79.3434479955005, "latitude": 43.7371730050547, "ticketCount": 1248, "totalRevenue": 405600.0, "ward": "Ward 16", "policeDivision": "33", "activationDate": "2009-09-10", "years": [2009, 2010, 2011, 2012, 2013, 2014, 2015, 2016, 2017, 2018, 2019, 2020, 2021, 2022, 2023, 2024], "months": [], "yearlyCounts": {"2009": 30, "2010": 86, "2011": 68, "2012": 63, "2013": 90, "2014": 85, "2015": 86, "2016": 112, "2017": 11, "2018": 40, "2019": 80, "2020": 81, "2021": 68, "2022": 66, "2023": 102, "2024": 180}}, "13452283": {"id": "13452283", "locationCode": "2686", "name": "Sheppard Ave. and Jane St.", "longitude": -79.5132209984939, "latitude": 43.7393890046471, "ticketCount": 776, "totalRevenue": 252200.0, "ward": "Ward 7", "policeDivision": "31", "activationDate": "2021-05-14", "years": [2021, 2022, 2023, 2024], "months": [], "yearlyCounts": {"2021": 153, "2022": 192, "2023": 231, "2024": 200}}, "13452352": {"id": "13452352", "locationCode": "2603", "name": "Danforth Rd. and Brimley Rd.", "longitude": -79.2473840010046, "latitude": 43.7351730038106, "ticketCount": 10612, "totalRevenue": 3448900.0, "ward": "Ward 20", "policeDivision": "41", "activationDate": "2017-03-10", "years": [2017, 2018, 2019, 2020, 2021, 2022, 2023, 2024], "months": [], "yearlyCounts": {"2017": 1668, "2018": 1714, "2019": 1468, "2020": 1192, "2021": 739, "2022": 1168, "2023": 1202, "2024": 1461}}, "13452362": {"id": "13452362", "locationCode": "2599", "name": "Albion Rd. and Kipling Ave.", "longitude": -79.5804020028511, "latitude": 43.7397240059444, "ticketCount": 3237, "totalRevenue": 1052025.0, "ward": "Ward 1", "policeDivision": "23", "activationDate": "2017-07-10", "years": [2017, 2018, 2019, 2020, 2021, 2022, 2023, 2024], "months": [], "yearlyCounts": {"2017": 197, "2018": 571, "2019": 250, "2020": 310, "2021": 431, "2022": 707, "2023": 415, "2024": 356}}, "13452437": {"id": "13452437", "locationCode": "2692", "name": "Bathrust St. and Wilson Ave.", "longitude": -79.4340050046302, "latitude": 43.7373540023486, "ticketCount": 2417, "totalRevenue": 785525.0, "ward": "Ward 6", "policeDivision": "32", "activationDate": "2021-06-29", "years": [2021, 2022, 2023, 2024], "months": [], "yearlyCounts": {"2021": 275, "2022": 504, "2023": 358, "2024": 1280}}, "13467505": {"id": "13467505", "locationCode": "2607", "name": "Spadina Ave. and King St.", "longitude": -79.3950459963437, "latitude": 43.6454700030013, "ticketCount": 6044, "totalRevenue": 1964300.0, "ward": "Ward 10", "policeDivision": "14", "activationDate": "2017-11-03", "years": [2017, 2018, 2019, 2020, 2021, 2024], "months": [], "yearlyCounts": {"2017": 363, "2018": 1786, "2019": 1520, "2020": 1387, "2021": 935, "2024": 53}}, "13452717": {"id": "13452717", "locationCode": "2515", "name": "Leslie St. and Lawrence Ave.", "longitude": -79.3559789975746, "latitude": 43.7345350020512, "ticketCount": 2450, "totalRevenue": 796250.0, "ward": "Ward 15", "policeDivision": "33", "activationDate": "2008-05-29", "years": [2008, 2009, 2010, 2011, 2012, 2013, 2014, 2015, 2016, 2017, 2018, 2019, 2020, 2021, 2022, 2023, 2024], "months": [], "yearlyCounts": {"2008": 139, "2009": 132, "2010": 225, "2011": 165, "2012": 227, "2013": 176, "2014": 121, "2015": 95, "2016": 126, "2017": 18, "2018": 80, "2019": 84, "2020": 57, "2021": 166, "2022": 207, "2023": 218, "2024": 214}}, "13452733": {"id": "13452733", "locationCode": "2628", "name": "Islington Ave. and Albion Rd.", "longitude": -79.5653050069778, "latitude": 43.7372359965559, "ticketCount": 1101, "totalRevenue": 357825.0, "ward": "Ward 1", "policeDivision": "23", "activationDate": "2017-06-19", "years": [2017, 2018, 2019, 2020, 2021, 2022, 2023, 2024], "months": [], "yearlyCounts": {"2017": 67, "2018": 127, "2019": 102, "2020": 81, "2021": 228, "2022": 180, "2023": 174, "2024": 142}}, "13453096": {"id": "13453096", "locationCode": "2536", "name": "Wilson Ave. and Transit Rd. / Billy Bishop Way", "longitude": -79.4528629934421, "latitude": 43.7333830014361, "ticketCount": 5514, "totalRevenue": 1792050.0, "ward": "Ward 6", "policeDivision": "32", "activationDate": "2009-08-21", "years": [2008, 2009, 2010, 2011, 2012, 2013, 2014, 2015, 2016, 2017, 2018, 2019, 2020, 2021, 2022, 2023, 2024], "months": [], "yearlyCounts": {"2008": 11, "2009": 108, "2010": 542, "2011": 274, "2012": 479, "2013": 476, "2014": 293, "2015": 475, "2016": 650, "2017": 489, "2018": 544, "2019": 329, "2020": 256, "2021": 177, "2022": 191, "2023": 214, "2024": 6}}, "13453141": {"id": "13453141", "locationCode": "2632", "name": "Warden Ave. and Ashtonbee Rd.", "longitude": -79.2887619943645, "latitude": 43.7307110016848, "ticketCount": 8520, "totalRevenue": 2769000.0, "ward": "Ward 21", "policeDivision": "41", "activationDate": "2017-03-13", "years": [2017, 2018, 2019, 2020, 2021, 2022, 2023, 2024], "months": [], "yearlyCounts": {"2017": 1083, "2018": 1254, "2019": 866, "2020": 755, "2021": 1045, "2022": 1660, "2023": 1033, "2024": 824}}, "13453266": {"id": "13453266", "locationCode": "2805", "name": "Finch Ave. and Humber College Blvd.", "longitude": -79.6099130003417, "latitude": 43.7340969947115, "ticketCount": 2282, "totalRevenue": 741650.0, "ward": "Ward 1", "policeDivision": "23", "activationDate": "2022-11-02", "years": [2022, 2023, 2024], "months": [], "yearlyCounts": {"2022": 166, "2023": 989, "2024": 1127}}, "13453576": {"id": "13453576", "locationCode": "2752", "name": "Martin Grove Rd and John Garland Blvd.", "longitude": -79.5894230008677, "latitude": 43.7320220035084, "ticketCount": 891, "totalRevenue": 289575.0, "ward": "Ward 1", "policeDivision": "23", "activationDate": "2022-02-10", "years": [2022, 2023, 2024], "months": [], "yearlyCounts": {"2022": 188, "2023": 417, "2024": 286}}, "13453844": {"id": "13453844", "locationCode": "2800", "name": "Victoria Park Ave. and Jonesville Cres./Craigton Dr.", "longitude": -79.3034700097246, "latitude": 43.7266860061041, "ticketCount": 1116, "totalRevenue": 362700.0, "ward": "Ward 16", "policeDivision": "33", "activationDate": "2022-12-21", "years": [2022, 2023, 2024], "months": [], "yearlyCounts": {"2022": 11, "2023": 602, "2024": 503}}, "13454001": {"id": "13454001", "locationCode": "2721", "name": "Danforth Rd. and Midland Ave.", "longitude": -79.2539609986464, "latitude": 43.7248270048835, "ticketCount": 2126, "totalRevenue": 690950.0, "ward": "Ward 20", "policeDivision": "41", "activationDate": "2022-12-28", "years": [2022, 2023, 2024], "months": [], "yearlyCounts": {"2022": 4, "2023": 999, "2024": 1123}}, "13454098": {"id": "13454098", "locationCode": "2689", "name": "Dufferin St. and Bridgeland Ave.", "longitude": -79.4576530092748, "latitude": 43.7269950077038, "ticketCount": 683, "totalRevenue": 221975.0, "ward": "Ward 8", "policeDivision": "32", "activationDate": "2022-07-22", "years": [2022, 2023, 2024], "months": [], "yearlyCounts": {"2022": 152, "2023": 286, "2024": 245}}, "13454197": {"id": "13454197", "locationCode": "2584", "name": "Keele St. and Wilson Ave.", "longitude": -79.4820690045095, "latitude": 43.7266419991172, "ticketCount": 4341, "totalRevenue": 1410825.0, "ward": "Ward 6", "policeDivision": "31", "activationDate": "2017-10-20", "years": [2017, 2018, 2019, 2020, 2021, 2022, 2023, 2024], "months": [], "yearlyCounts": {"2017": 172, "2018": 490, "2019": 485, "2020": 493, "2021": 450, "2022": 726, "2023": 719, "2024": 806}}, "13454472": {"id": "13454472", "locationCode": "2772", "name": "Keele St. and 401 C W Keele St. Ramp", "longitude": -79.4815900059419, "latitude": 43.7244430094497, "ticketCount": 3682, "totalRevenue": 1196650.0, "ward": "Ward 6", "policeDivision": "31", "activationDate": "2022-05-20", "years": [2022, 2023, 2024], "months": [], "yearlyCounts": {"2022": 1314, "2023": 1356, "2024": 1012}}, "13454486": {"id": "13454486", "locationCode": "2559", "name": "St. Clair Ave. and Brimley Rd.", "longitude": -79.241447998072, "latitude": 43.7208750056158, "ticketCount": 3848, "totalRevenue": 1250600.0, "ward": "Ward 20", "policeDivision": "41", "activationDate": "2009-08-21", "years": [2009, 2010, 2011, 2012, 2013, 2014, 2015, 2016, 2017, 2018, 2019, 2020, 2021, 2023, 2024], "months": [], "yearlyCounts": {"2009": 113, "2010": 293, "2011": 183, "2012": 288, "2013": 287, "2014": 249, "2015": 331, "2016": 306, "2017": 159, "2018": 350, "2019": 369, "2020": 198, "2021": 134, "2023": 313, "2024": 275}}, "13454488": {"id": "13454488", "locationCode": "2551", "name": "Warden Ave. and Comstock Rd.", "longitude": -79.2849930048744, "latitude": 43.7215320000156, "ticketCount": 6003, "totalRevenue": 1950975.0, "ward": "Ward 20", "policeDivision": "41", "activationDate": "2008-10-28", "years": [2008, 2009, 2010, 2011, 2012, 2013, 2014, 2015, 2016, 2017, 2018, 2019, 2020, 2021, 2022, 2023, 2024], "months": [], "yearlyCounts": {"2008": 104, "2009": 542, "2010": 494, "2011": 248, "2012": 274, "2013": 367, "2014": 338, "2015": 351, "2016": 539, "2017": 218, "2018": 334, "2019": 291, "2020": 280, "2021": 281, "2022": 419, "2023": 550, "2024": 373}}, "13454662": {"id": "13454662", "locationCode": "2643", "name": "Avenue Rd. and Lawrence Ave.", "longitude": -79.4156090060983, "latitude": 43.7222550020132, "ticketCount": 3194, "totalRevenue": 1038050.0, "ward": "Ward 8", "policeDivision": "32", "activationDate": "2017-03-14", "years": [2017, 2018, 2019, 2020, 2021, 2022, 2023, 2024], "months": [], "yearlyCounts": {"2017": 151, "2018": 130, "2019": 121, "2020": 72, "2021": 672, "2022": 803, "2023": 682, "2024": 563}}, "13454806": {"id": "13454806", "locationCode": "2770", "name": "Islington Ave. and Elmhurst Dr.", "longitude": -79.5589219980633, "latitude": 43.7231120089769, "ticketCount": 780, "totalRevenue": 253500.0, "ward": "Ward 1", "policeDivision": "23", "activationDate": "2022-07-13", "years": [2022, 2023, 2024], "months": [], "yearlyCounts": {"2022": 87, "2023": 328, "2024": 365}}, "13454821": {"id": "13454821", "locationCode": "2750", "name": "Jane St. 70 metres N of William Cragg Dr.", "longitude": -79.5091200039297, "latitude": 43.7229899950159, "ticketCount": 1919, "totalRevenue": 623675.0, "ward": "Ward 7", "policeDivision": "31", "activationDate": "2021-12-16", "years": [2021, 2022, 2023, 2024], "months": [], "yearlyCounts": {"2021": 10, "2022": 307, "2023": 774, "2024": 828}}, "13455040": {"id": "13455040", "locationCode": "2594", "name": "Wilson Ave. and Jane St.", "longitude": -79.5086339938217, "latitude": 43.7209150020263, "ticketCount": 2560, "totalRevenue": 832000.0, "ward": "Ward 7", "policeDivision": "31", "activationDate": "2017-03-09", "years": [2017, 2018, 2019, 2020, 2021, 2022, 2023, 2024], "months": [], "yearlyCounts": {"2017": 254, "2018": 216, "2019": 173, "2020": 561, "2021": 410, "2022": 329, "2023": 307, "2024": 310}}, "13455129": {"id": "13455129", "locationCode": "2705", "name": "St. Clair Ave. and Danforth Rd.", "longitude": -79.2599200046733, "latitude": 43.716846011755, "ticketCount": 398, "totalRevenue": 129350.0, "ward": "Ward 20", "policeDivision": "41", "activationDate": "2021-04-27", "years": [2021, 2022, 2023, 2024], "months": [], "yearlyCounts": {"2021": 145, "2022": 102, "2023": 85, "2024": 66}}, "13469836": {"id": "13469836", "locationCode": "2768", "name": "The East Mall and North Queen St.", "longitude": -79.549415000337, "latitude": 43.6204750002984, "ticketCount": 424, "totalRevenue": 137800.0, "ward": "Ward 3", "policeDivision": "22", "activationDate": "2022-07-22", "years": [2022, 2023, 2024], "months": [], "yearlyCounts": {"2022": 68, "2023": 128, "2024": 228}}, "13455135": {"id": "13455135", "locationCode": "2512", "name": "Lawrence Ave. and Bathurst St.", "longitude": -79.4298159904052, "latitude": 43.7192580018008, "ticketCount": 2495, "totalRevenue": 810875.0, "ward": "Ward 8", "policeDivision": "32", "activationDate": "2008-08-11", "years": [2008, 2009, 2010, 2011, 2012, 2013, 2014, 2015, 2016, 2017, 2018, 2019, 2020, 2021, 2023, 2024], "months": [], "yearlyCounts": {"2008": 54, "2009": 161, "2010": 74, "2011": 90, "2012": 207, "2013": 151, "2014": 174, "2015": 188, "2016": 168, "2017": 24, "2018": 71, "2019": 113, "2020": 342, "2021": 176, "2023": 204, "2024": 298}}, "13455179": {"id": "13455179", "locationCode": "2720", "name": "St. Clair Ave. and Kennedy Rd.", "longitude": -79.2613339983195, "latitude": 43.7165249998306, "ticketCount": 624, "totalRevenue": 202800.0, "ward": "Ward 20", "policeDivision": "41", "activationDate": "2022-12-21", "years": [2022, 2023, 2024], "months": [], "yearlyCounts": {"2022": 9, "2023": 309, "2024": 306}}, "13455749": {"id": "13455749", "locationCode": "2511", "name": "Lawrence Ave. and Marlee Ave.", "longitude": -79.4465200053405, "latitude": 43.7156150035191, "ticketCount": 5844, "totalRevenue": 1899300.0, "ward": "Ward 8", "policeDivision": "32", "activationDate": "2008-03-19", "years": [2008, 2009, 2010, 2011, 2012, 2013, 2014, 2015, 2016, 2017, 2018, 2019, 2020, 2021, 2022, 2023, 2024], "months": [], "yearlyCounts": {"2008": 436, "2009": 494, "2010": 454, "2011": 288, "2012": 228, "2013": 353, "2014": 275, "2015": 217, "2016": 193, "2017": 213, "2018": 283, "2019": 371, "2020": 307, "2021": 458, "2022": 515, "2023": 479, "2024": 280}}, "13455910": {"id": "13455910", "locationCode": "2642", "name": "Jane St. and Falstaff Ave.", "longitude": -79.507223997328, "latitude": 43.7154560102381, "ticketCount": 5510, "totalRevenue": 1790750.0, "ward": "Ward 5", "policeDivision": "12", "activationDate": "2017-10-20", "years": [2017, 2018, 2019, 2020, 2021, 2022, 2023, 2024], "months": [], "yearlyCounts": {"2017": 111, "2018": 692, "2019": 684, "2020": 497, "2021": 861, "2022": 1157, "2023": 622, "2024": 886}}, "13455952": {"id": "13455952", "locationCode": "2736", "name": "Warden Ave. and St. Clair Ave", "longitude": -79.2810030013003, "latitude": 43.7120450072188, "ticketCount": 494, "totalRevenue": 160550.0, "ward": "Ward 20", "policeDivision": "41", "activationDate": "2022-12-21", "years": [2022, 2023, 2024], "months": [], "yearlyCounts": {"2022": 37, "2023": 276, "2024": 181}}, "13456031": {"id": "13456031", "locationCode": "2782", "name": "Dufferin St. and Lawrence Ave. W.", "longitude": -79.4547510017973, "latitude": 43.7140860038295, "ticketCount": 248, "totalRevenue": 80600.0, "ward": "Ward 8", "policeDivision": "32", "activationDate": "2022-09-27", "years": [2022, 2023, 2024], "months": [], "yearlyCounts": {"2022": 21, "2023": 118, "2024": 109}}, "13456327": {"id": "13456327", "locationCode": "2610", "name": "Rexdale Blvd. and Martin Grove Rd.", "longitude": -79.581117010177, "latitude": 43.7138439993169, "ticketCount": 2400, "totalRevenue": 780000.0, "ward": "Ward 1", "policeDivision": "23", "activationDate": "2017-04-11", "years": [2017, 2018, 2019, 2020, 2021, 2022, 2023, 2024], "months": [], "yearlyCounts": {"2017": 330, "2018": 421, "2019": 359, "2020": 243, "2021": 185, "2022": 352, "2023": 268, "2024": 242}}, "13456330": {"id": "13456330", "locationCode": "2760", "name": "Pharmacy Ave. and St. Clair Ave. E.", "longitude": -79.2909300110199, "latitude": 43.7098510040155, "ticketCount": 1198, "totalRevenue": 389350.0, "ward": "Ward 20", "policeDivision": "41", "activationDate": "2022-08-29", "years": [2022, 2023, 2024], "months": [], "yearlyCounts": {"2022": 122, "2023": 390, "2024": 686}}, "13456414": {"id": "13456414", "locationCode": "2790", "name": "Don Mills Rd. and Overlea Blvd./Gateway Blvd.", "longitude": -79.3343940057242, "latitude": 43.7099960039181, "ticketCount": 233, "totalRevenue": 75725.0, "ward": "Ward 15", "policeDivision": "54", "activationDate": "2022-12-21", "years": [2022, 2023, 2024], "months": [], "yearlyCounts": {"2022": 1, "2023": 141, "2024": 91}}, "13456668": {"id": "13456668", "locationCode": "2626", "name": "Rexdale Blvd. and Kipling Ave.", "longitude": -79.5667019990785, "latitude": 43.7117030085107, "ticketCount": 1625, "totalRevenue": 528125.0, "ward": "Ward 1", "policeDivision": "23", "activationDate": "2017-10-20", "years": [2017, 2018, 2019, 2020, 2021, 2022, 2023, 2024], "months": [], "yearlyCounts": {"2017": 52, "2018": 70, "2019": 111, "2020": 220, "2021": 214, "2022": 200, "2023": 345, "2024": 413}}, "13456762": {"id": "13456762", "locationCode": "2558", "name": "Danforth Rd. and Birchmount Rd.", "longitude": -79.2681300060352, "latitude": 43.7069980024562, "ticketCount": 1118, "totalRevenue": 363350.0, "ward": "Ward 20", "policeDivision": "41", "activationDate": "2010-02-25", "years": [2009, 2010, 2011, 2012, 2013, 2014, 2015, 2016, 2017, 2018, 2019, 2021, 2022, 2023, 2024], "months": [], "yearlyCounts": {"2009": 7, "2010": 71, "2011": 58, "2012": 70, "2013": 55, "2014": 74, "2015": 75, "2016": 60, "2017": 4, "2018": 44, "2019": 40, "2021": 79, "2022": 186, "2023": 139, "2024": 156}}, "13456854": {"id": "13456854", "locationCode": "2526", "name": "Overlea Blvd. and Thorncliffe Park Dr. / Beth Nealson Dr.", "longitude": -79.3436250025507, "latitude": 43.7074730060253, "ticketCount": 3629, "totalRevenue": 1179425.0, "ward": "Ward 15", "policeDivision": "53", "activationDate": "2008-10-29", "years": [2008, 2009, 2010, 2011, 2012, 2013, 2014, 2015, 2016, 2017, 2018, 2019, 2020, 2021, 2022, 2023, 2024], "months": [], "yearlyCounts": {"2008": 59, "2009": 234, "2010": 253, "2011": 228, "2012": 232, "2013": 211, "2014": 184, "2015": 243, "2016": 235, "2017": 122, "2018": 153, "2019": 178, "2020": 151, "2021": 326, "2022": 376, "2023": 284, "2024": 160}}, "13456926": {"id": "13456926", "locationCode": "2786", "name": "Jane St. and Maple Leaf Dr.", "longitude": -79.505565998259, "latitude": 43.7092450062612, "ticketCount": 1251, "totalRevenue": 406575.0, "ward": "Ward 5", "policeDivision": "12", "activationDate": "2022-09-27", "years": [2022, 2023, 2024], "months": [], "yearlyCounts": {"2022": 14, "2023": 477, "2024": 760}}, "13456952": {"id": "13456952", "locationCode": "2634", "name": "Keele St. and Lawrence Ave.", "longitude": -79.4780619980855, "latitude": 43.7086590072417, "ticketCount": 3407, "totalRevenue": 1107275.0, "ward": "Ward 5", "policeDivision": "12", "activationDate": "2017-08-11", "years": [2017, 2018, 2019, 2020, 2021, 2022, 2023, 2024], "months": [], "yearlyCounts": {"2017": 165, "2018": 374, "2019": 327, "2020": 287, "2021": 659, "2022": 737, "2023": 498, "2024": 360}}, "13457150": {"id": "13457150", "locationCode": "2525", "name": "Dufferin St. and Glencairn Ave.", "longitude": -79.4531800071891, "latitude": 43.706982004009, "ticketCount": 17062, "totalRevenue": 5545150.0, "ward": "Ward 8", "policeDivision": "13", "activationDate": "2009-03-19", "years": [2009, 2010, 2011, 2012, 2013, 2014, 2015, 2016, 2017, 2018, 2019, 2020, 2021, 2022, 2023, 2024], "months": [], "yearlyCounts": {"2009": 457, "2010": 933, "2011": 527, "2012": 998, "2013": 785, "2014": 948, "2015": 606, "2016": 619, "2017": 544, "2018": 610, "2019": 616, "2020": 2498, "2021": 2149, "2022": 1567, "2023": 1710, "2024": 1495}}, "13457328": {"id": "13457328", "locationCode": "2739", "name": "Martin Grove Rd. and Bethridge Rd.", "longitude": -79.5782439915549, "latitude": 43.7075449991539, "ticketCount": 1660, "totalRevenue": 539500.0, "ward": "Ward 1", "policeDivision": "23", "activationDate": "2021-09-30", "years": [2021, 2022, 2023, 2024], "months": [], "yearlyCounts": {"2021": 174, "2022": 475, "2023": 440, "2024": 571}}, "13457863": {"id": "13457863", "locationCode": "2572", "name": "Eglinton Ave. and Spadina Rd.", "longitude": -79.4191080086644, "latitude": 43.7023509956489, "ticketCount": 10052, "totalRevenue": 3266900.0, "ward": "Ward 8", "policeDivision": "13", "activationDate": "2010-01-07", "years": [2010, 2011, 2012, 2013, 2014, 2015, 2016, 2017, 2018, 2019, 2020, 2021, 2022, 2023, 2024], "months": [], "yearlyCounts": {"2010": 752, "2011": 813, "2012": 954, "2013": 774, "2014": 683, "2015": 683, "2016": 713, "2017": 975, "2018": 601, "2019": 420, "2020": 722, "2021": 631, "2022": 432, "2023": 515, "2024": 384}}, "13458216": {"id": "13458216", "locationCode": "2697", "name": "Martin Grove Rd. and Belfield Rd.", "longitude": -79.5756320005708, "latitude": 43.7019480092184, "ticketCount": 402, "totalRevenue": 130650.0, "ward": "Ward 1", "policeDivision": "23", "activationDate": "2021-07-29", "years": [2021, 2022, 2023, 2024], "months": [], "yearlyCounts": {"2021": 112, "2022": 115, "2023": 76, "2024": 99}}, "13458312": {"id": "13458312", "locationCode": "2548", "name": "Danforth Ave. and Birchmount Rd.", "longitude": -79.2639990061325, "latitude": 43.6969930097833, "ticketCount": 4147, "totalRevenue": 1347775.0, "ward": "Ward 20", "policeDivision": "41", "activationDate": "2009-04-01", "years": [2008, 2009, 2010, 2011, 2012, 2013, 2014, 2015, 2016, 2017, 2018, 2019, 2020, 2021, 2022, 2023, 2024], "months": [], "yearlyCounts": {"2008": 309, "2009": 220, "2010": 328, "2011": 269, "2012": 286, "2013": 287, "2014": 125, "2015": 200, "2016": 332, "2017": 145, "2018": 258, "2019": 203, "2020": 237, "2021": 139, "2022": 152, "2023": 310, "2024": 347}}, "13458353": {"id": "13458353", "locationCode": "2666", "name": "Avenue Rd. and Chaplin Cres.", "longitude": -79.4061560052234, "latitude": 43.6987780017931, "ticketCount": 4736, "totalRevenue": 1539200.0, "ward": "Ward 12", "policeDivision": "53", "activationDate": "2022-05-19", "years": [2022, 2023, 2024], "months": [], "yearlyCounts": {"2022": 1513, "2023": 1825, "2024": 1398}}, "13458367": {"id": "13458367", "locationCode": "2627", "name": "Weston Rd. and Lawrence Ave.", "longitude": -79.5162009996174, "latitude": 43.7001579982337, "ticketCount": 1893, "totalRevenue": 615225.0, "ward": "Ward 5", "policeDivision": "12", "activationDate": "2017-10-20", "years": [2017, 2018, 2019, 2020, 2023, 2024], "months": [], "yearlyCounts": {"2017": 52, "2018": 303, "2019": 224, "2020": 242, "2023": 465, "2024": 607}}, "13458553": {"id": "13458553", "locationCode": "2787", "name": "Caledonia Rd. and Castlefield Ave.", "longitude": -79.463522997534, "latitude": 43.6984420020734, "ticketCount": 806, "totalRevenue": 261950.0, "ward": "Ward 8", "policeDivision": "13", "activationDate": "2022-09-16", "years": [2022, 2023], "months": [], "yearlyCounts": {"2022": 178, "2023": 628}}, "13459022": {"id": "13459022", "locationCode": "2637", "name": "Dixon Rd. and Islington Ave.", "longitude": -79.5467310031199, "latitude": 43.6970490024325, "ticketCount": 4575, "totalRevenue": 1486875.0, "ward": "Ward 1", "policeDivision": "23", "activationDate": "2017-12-19", "years": [2017, 2018, 2019, 2020, 2021, 2022, 2023, 2024], "months": [], "yearlyCounts": {"2017": 15, "2018": 364, "2019": 286, "2020": 170, "2021": 334, "2022": 1114, "2023": 1452, "2024": 840}}, "13459576": {"id": "13459576", "locationCode": "2507", "name": "Dixon Rd. and Kipling Ave.", "longitude": -79.5586490059244, "latitude": 43.6942490044885, "ticketCount": 1424, "totalRevenue": 462800.0, "ward": "Ward 1", "policeDivision": "23", "activationDate": "2008-03-18", "years": [2008, 2009, 2010, 2011, 2012, 2013, 2014, 2015, 2016, 2017, 2018, 2019, 2020, 2021, 2022, 2023, 2024], "months": [], "yearlyCounts": {"2008": 160, "2009": 86, "2010": 75, "2011": 96, "2012": 136, "2013": 106, "2014": 86, "2015": 56, "2016": 123, "2017": 27, "2018": 71, "2019": 99, "2020": 82, "2021": 30, "2022": 48, "2023": 60, "2024": 83}}, "13459689": {"id": "13459689", "locationCode": "2811", "name": "Coxwell Ave. and Mortimer Ave.", "longitude": -79.3265740019167, "latitude": 43.69058700737, "ticketCount": 641, "totalRevenue": 208325.0, "ward": "Ward 14", "policeDivision": "55", "activationDate": "2022-12-21", "years": [2022, 2023, 2024], "months": [], "yearlyCounts": {"2022": 9, "2023": 302, "2024": 330}}, "13460183": {"id": "13460183", "locationCode": "2545", "name": "Jane St. and Bala Ave. / Emmett Ave.", "longitude": -79.5006009970776, "latitude": 43.6901420045761, "ticketCount": 12183, "totalRevenue": 3959475.0, "ward": "Ward 5", "policeDivision": "12", "activationDate": "2008-05-16", "years": [2008, 2009, 2010, 2011, 2012, 2013, 2014, 2015, 2016, 2017, 2018, 2019, 2020, 2021, 2022, 2023, 2024], "months": [], "yearlyCounts": {"2008": 1056, "2009": 1060, "2010": 1037, "2011": 936, "2012": 869, "2013": 628, "2014": 1049, "2015": 990, "2016": 882, "2017": 344, "2018": 537, "2019": 350, "2020": 608, "2021": 586, "2022": 348, "2023": 454, "2024": 449}}, "13460559": {"id": "13460559", "locationCode": "2549", "name": "Islington Ave. and The Westway", "longitude": -79.5428729970172, "latitude": 43.6886200015324, "ticketCount": 9441, "totalRevenue": 3068325.0, "ward": "Ward 2", "policeDivision": "23", "activationDate": "2008-12-10", "years": [2008, 2009, 2010, 2011, 2012, 2013, 2014, 2015, 2016, 2017, 2018, 2019, 2020, 2021, 2022, 2023, 2024], "months": [], "yearlyCounts": {"2008": 8, "2009": 308, "2010": 910, "2011": 385, "2012": 596, "2013": 833, "2014": 673, "2015": 689, "2016": 706, "2017": 480, "2018": 446, "2019": 308, "2020": 496, "2021": 1242, "2022": 818, "2023": 265, "2024": 278}}, "13460975": {"id": "13460975", "locationCode": "2612", "name": "St. Clair Ave. and Spadina Rd.", "longitude": -79.4111690060153, "latitude": 43.6846250039646, "ticketCount": 1592, "totalRevenue": 517400.0, "ward": "Ward 12", "policeDivision": "13", "activationDate": "2017-07-14", "years": [2017, 2018, 2019, 2020, 2021, 2022, 2023], "months": [], "yearlyCounts": {"2017": 209, "2018": 262, "2019": 147, "2020": 122, "2021": 104, "2022": 381, "2023": 367}}, "13461025": {"id": "13461025", "locationCode": "2524", "name": "Dixon Rd. and Carlingview Dr.", "longitude": -79.5955659976761, "latitude": 43.6867570035774, "ticketCount": 4638, "totalRevenue": 1507350.0, "ward": "Ward 1", "policeDivision": "23", "activationDate": "2009-03-19", "years": [2009, 2010, 2011, 2012, 2013, 2014, 2015, 2016, 2017, 2018, 2019, 2020, 2021, 2022, 2023, 2024], "months": [], "yearlyCounts": {"2009": 79, "2010": 482, "2011": 332, "2012": 551, "2013": 435, "2014": 260, "2015": 339, "2016": 358, "2017": 425, "2018": 158, "2019": 180, "2020": 238, "2021": 187, "2022": 251, "2023": 258, "2024": 105}}, "13461140": {"id": "13461140", "locationCode": "2797", "name": "Kipling Ave. and The Westway", "longitude": -79.5547029903606, "latitude": 43.6856249985629, "ticketCount": 537, "totalRevenue": 174525.0, "ward": "Ward 2", "policeDivision": "23", "activationDate": "2022-10-11", "years": [2023, 2024], "months": [], "yearlyCounts": {"2023": 286, "2024": 251}}, "13461355": {"id": "13461355", "locationCode": "2655", "name": "Eglinton Ave. and Scarlett Rd.", "longitude": -79.5114570043453, "latitude": 43.6839620012534, "ticketCount": 177, "totalRevenue": 57525.0, "ward": "Ward 2", "policeDivision": "23", "activationDate": "2019-06-03", "years": [2019, 2020, 2021, 2022], "months": [], "yearlyCounts": {"2019": 21, "2020": 43, "2021": 83, "2022": 30}}, "13461356": {"id": "13461356", "locationCode": "2562", "name": "Danforth Ave. and Greenwood Ave.", "longitude": -79.3323819969191, "latitude": 43.6814840035033, "ticketCount": 13076, "totalRevenue": 4249700.0, "ward": "Ward 14", "policeDivision": "54", "activationDate": "2010-01-07", "years": [2010, 2011, 2012, 2013, 2014, 2015, 2016, 2017, 2018, 2019], "months": [], "yearlyCounts": {"2010": 557, "2011": 205, "2012": 299, "2013": 468, "2014": 631, "2015": 544, "2016": 613, "2017": 3586, "2018": 3551, "2019": 2622}}, "13461587": {"id": "13461587", "locationCode": "2568", "name": "Keele St. and Rogers Rd.", "longitude": -79.4715979979489, "latitude": 43.6821360027129, "ticketCount": 5911, "totalRevenue": 1921075.0, "ward": "Ward 5", "policeDivision": "12", "activationDate": "2009-09-08", "years": [2009, 2010, 2011, 2012, 2013, 2014, 2015, 2016, 2017, 2018, 2019, 2020, 2021, 2022, 2023, 2024], "months": [], "yearlyCounts": {"2009": 102, "2010": 262, "2011": 153, "2012": 203, "2013": 151, "2014": 213, "2015": 212, "2016": 242, "2017": 87, "2018": 546, "2019": 1309, "2020": 1046, "2021": 300, "2022": 175, "2023": 576, "2024": 334}}, "13461868": {"id": "13461868", "locationCode": "2663", "name": "Bathurst St. and Nina St.", "longitude": -79.4169819991952, "latitude": 43.6798239968693, "ticketCount": 1015, "totalRevenue": 329875.0, "ward": "Ward 12", "policeDivision": "13", "activationDate": "2020-12-03", "years": [2020, 2021, 2022, 2023], "months": [], "yearlyCounts": {"2020": 41, "2021": 524, "2022": 278, "2023": 172}}, "13462349": {"id": "13462349", "locationCode": "2712", "name": "Kippling Ave. and Widdicombe Hill", "longitude": -79.5517119968769, "latitude": 43.6789370037179, "ticketCount": 2112, "totalRevenue": 686400.0, "ward": "Ward 2", "policeDivision": "23", "activationDate": "2021-08-16", "years": [2021, 2022, 2023, 2024], "months": [], "yearlyCounts": {"2021": 255, "2022": 647, "2023": 682, "2024": 528}}, "13469914": {"id": "13469914", "locationCode": "2614", "name": "Islington Ave. and Evans Ave.", "longitude": -79.5113280068698, "latitude": 43.6183930020751, "ticketCount": 3439, "totalRevenue": 1117675.0, "ward": "Ward 3", "policeDivision": "22", "activationDate": "2017-06-05", "years": [2017, 2018, 2019, 2020, 2021, 2022, 2023, 2024], "months": [], "yearlyCounts": {"2017": 122, "2018": 95, "2019": 477, "2020": 731, "2021": 545, "2022": 507, "2023": 508, "2024": 454}}, "13462422": {"id": "13462422", "locationCode": "2550", "name": "Bathurst St. and Davenport Rd.", "longitude": -79.415786001934, "latitude": 43.6767300085459, "ticketCount": 15900, "totalRevenue": 5167500.0, "ward": "Ward 12", "policeDivision": "13", "activationDate": "2009-03-18", "years": [2009, 2011, 2014, 2015, 2016, 2017, 2018, 2019, 2020, 2021, 2022, 2023, 2024], "months": [], "yearlyCounts": {"2009": 22, "2011": 47, "2014": 286, "2015": 589, "2016": 2662, "2017": 2430, "2018": 1587, "2019": 2120, "2020": 1015, "2021": 800, "2022": 1625, "2023": 1528, "2024": 1189}}, "13462655": {"id": "13462655", "locationCode": "2767", "name": "Eglinton Ave. and Kipling Ave.", "longitude": -79.5508909949966, "latitude": 43.677178001683, "ticketCount": 364, "totalRevenue": 118300.0, "ward": "Ward 2", "policeDivision": "23", "activationDate": "2022-06-29", "years": [2022, 2023, 2024], "months": [], "yearlyCounts": {"2022": 35, "2023": 286, "2024": 43}}, "13463137": {"id": "13463137", "locationCode": "2615", "name": "Eglinton Ave. and Martin Grove Rd.", "longitude": -79.5631760034985, "latitude": 43.6744770028432, "ticketCount": 6147, "totalRevenue": 1997775.0, "ward": "Ward 1", "policeDivision": "23", "activationDate": "2017-07-10", "years": [2017, 2018, 2019, 2020, 2021, 2022, 2023, 2024], "months": [], "yearlyCounts": {"2017": 561, "2018": 790, "2019": 837, "2020": 907, "2021": 991, "2022": 798, "2023": 779, "2024": 484}}, "13463362": {"id": "13463362", "locationCode": "2606", "name": "St. Clair Ave. and Gunns Rd. / Old Stock Yards Rd.", "longitude": -79.4711240063789, "latitude": 43.6717810093395, "ticketCount": 2602, "totalRevenue": 845650.0, "ward": "Ward 5", "policeDivision": "12", "activationDate": "2017-07-10", "years": [2017, 2018, 2019, 2020, 2021, 2022, 2023, 2024], "months": [], "yearlyCounts": {"2017": 106, "2018": 188, "2019": 148, "2020": 358, "2021": 492, "2022": 515, "2023": 392, "2024": 403}}, "13463494": {"id": "13463494", "locationCode": "2563", "name": "Queen St. and Woodbine Ave.", "longitude": -79.3057750019252, "latitude": 43.6687570069778, "ticketCount": 911, "totalRevenue": 296075.0, "ward": "Ward 19", "policeDivision": "55", "activationDate": "2009-08-06", "years": [2009, 2010, 2011, 2012, 2013, 2014, 2015, 2016, 2017, 2018, 2019, 2020, 2021, 2022, 2023, 2024], "months": [], "yearlyCounts": {"2009": 25, "2010": 28, "2011": 8, "2012": 16, "2013": 13, "2014": 35, "2015": 23, "2016": 175, "2017": 40, "2018": 80, "2019": 100, "2020": 116, "2021": 77, "2022": 62, "2023": 51, "2024": 62}}, "13463674": {"id": "13463674", "locationCode": "2602", "name": "Jarvis St. and Isabella St.", "longitude": -79.3794520049809, "latitude": 43.6688930027192, "ticketCount": 189, "totalRevenue": 61425.0, "ward": "Ward 13", "policeDivision": "51", "activationDate": "2017-03-13", "years": [2017, 2018, 2019, 2020, 2021, 2022, 2023, 2024], "months": [], "yearlyCounts": {"2017": 83, "2018": 27, "2019": 20, "2020": 1, "2021": 2, "2022": 3, "2023": 19, "2024": 34}}, "13463882": {"id": "13463882", "locationCode": "2657", "name": "Dufferin St. and Dupont St.", "longitude": -79.4390350096527, "latitude": 43.6684640112994, "ticketCount": 816, "totalRevenue": 265200.0, "ward": "Ward 9", "policeDivision": "11", "activationDate": "2018-11-28", "years": [2018, 2019, 2020, 2021, 2022, 2023], "months": [], "yearlyCounts": {"2018": 13, "2019": 105, "2020": 43, "2021": 251, "2022": 318, "2023": 86}}, "13463893": {"id": "13463893", "locationCode": "2631", "name": "St. Clair Ave. and Runnymede Rd.", "longitude": -79.4835639906144, "latitude": 43.6689929996743, "ticketCount": 4876, "totalRevenue": 1584700.0, "ward": "Ward 5", "policeDivision": "12", "activationDate": "2017-08-11", "years": [2017, 2018, 2019, 2020, 2021, 2022, 2023, 2024], "months": [], "yearlyCounts": {"2017": 156, "2018": 367, "2019": 331, "2020": 221, "2021": 922, "2022": 965, "2023": 1030, "2024": 884}}, "13464191": {"id": "13464191", "locationCode": "2540", "name": "Dupont St. and Lansdowne Ave.", "longitude": -79.4464609943321, "latitude": 43.6667250002628, "ticketCount": 11056, "totalRevenue": 3593200.0, "ward": "Ward 9", "policeDivision": "11", "activationDate": "2008-03-26", "years": [2008, 2009, 2010, 2011, 2012, 2013, 2014, 2015, 2016, 2017, 2018, 2019, 2020, 2021, 2022, 2023, 2024], "months": [], "yearlyCounts": {"2008": 380, "2009": 177, "2010": 116, "2011": 216, "2012": 380, "2013": 331, "2014": 237, "2015": 346, "2016": 742, "2017": 1518, "2018": 852, "2019": 773, "2020": 1155, "2021": 948, "2022": 958, "2023": 1010, "2024": 917}}, "13464218": {"id": "13464218", "locationCode": "2730", "name": "Jane St. and St. Clair Ave. W.", "longitude": -79.4917669900948, "latitude": 43.6671840047067, "ticketCount": 268, "totalRevenue": 87100.0, "ward": "Ward 5", "policeDivision": "12", "activationDate": "2021-08-16", "years": [2021, 2022, 2023], "months": [], "yearlyCounts": {"2021": 34, "2022": 164, "2023": 70}}, "13464451": {"id": "13464451", "locationCode": "2701", "name": "Jane St. and Dundas St.", "longitude": -79.4911860014992, "latitude": 43.6657339991971, "ticketCount": 408, "totalRevenue": 132600.0, "ward": "Ward 4", "policeDivision": "11", "activationDate": "2022-05-19", "years": [2022, 2023], "months": [], "yearlyCounts": {"2022": 232, "2023": 176}}, "13464821": {"id": "13464821", "locationCode": "2783", "name": "Church St. and Carlton St.", "longitude": -79.3793739983682, "latitude": 43.6618750013235, "ticketCount": 276, "totalRevenue": 89700.0, "ward": "Ward 13", "policeDivision": "51", "activationDate": "2022-12-22", "years": [2022, 2023, 2024], "months": [], "yearlyCounts": {"2022": 1, "2023": 142, "2024": 133}}, "13464908": {"id": "13464908", "locationCode": "2561", "name": "Bloor St. and Ossington Ave.", "longitude": -79.4256589977268, "latitude": 43.6619839983533, "ticketCount": 5579, "totalRevenue": 1813175.0, "ward": "Ward 9", "policeDivision": "14", "activationDate": "2011-11-22", "years": [2011, 2012, 2013, 2014, 2015, 2016, 2017, 2018, 2019, 2020, 2021, 2022, 2023, 2024], "months": [], "yearlyCounts": {"2011": 21, "2012": 141, "2013": 107, "2014": 46, "2015": 275, "2016": 257, "2017": 88, "2018": 789, "2019": 744, "2020": 486, "2021": 598, "2022": 770, "2023": 671, "2024": 586}}, "13465038": {"id": "13465038", "locationCode": "2773", "name": "Jarvis St. and Gerrard St.", "longitude": -79.3758989989773, "latitude": 43.660439005871, "ticketCount": 347, "totalRevenue": 112775.0, "ward": "Ward 13", "policeDivision": "51", "activationDate": "2022-07-22", "years": [2022, 2023, 2024], "months": [], "yearlyCounts": {"2022": 72, "2023": 152, "2024": 123}}, "13465164": {"id": "13465164", "locationCode": "2565", "name": "Lake Shore Blvd. and Leslie St.", "longitude": -79.3284359942956, "latitude": 43.6592350040891, "ticketCount": 4673, "totalRevenue": 1518725.0, "ward": "Ward 14", "policeDivision": "55", "activationDate": "2009-08-06", "years": [2008, 2009, 2010, 2011, 2012, 2013, 2014, 2015, 2016, 2017, 2018, 2019, 2020, 2021, 2022, 2023, 2024], "months": [], "yearlyCounts": {"2008": 1, "2009": 252, "2010": 722, "2011": 512, "2012": 612, "2013": 334, "2014": 3, "2015": 16, "2016": 386, "2017": 191, "2018": 346, "2019": 304, "2020": 195, "2021": 190, "2022": 199, "2023": 209, "2024": 201}}, "13465166": {"id": "13465166", "locationCode": "2674", "name": "University Ave. and College St.", "longitude": -79.3904940096713, "latitude": 43.6598580027362, "ticketCount": 1020, "totalRevenue": 331500.0, "ward": "Ward 11", "policeDivision": "52", "activationDate": "2021-10-21", "years": [2021, 2022, 2023, 2024], "months": [], "yearlyCounts": {"2021": 80, "2022": 230, "2023": 219, "2024": 491}}, "13465689": {"id": "13465689", "locationCode": "2748", "name": "Dundas St. 275 M N of Royal York Rd.", "longitude": -79.5135780034782, "latitude": 43.6594600022959, "ticketCount": 3123, "totalRevenue": 1014975.0, "ward": "Ward 2", "policeDivision": "22", "activationDate": "2021-10-21", "years": [2021, 2022, 2023, 2024], "months": [], "yearlyCounts": {"2021": 166, "2022": 1172, "2023": 1127, "2024": 658}}, "13465757": {"id": "13465757", "locationCode": "2522", "name": "College St. and Bathurst St.", "longitude": -79.4077219983493, "latitude": 43.656481004806, "ticketCount": 3837, "totalRevenue": 1247025.0, "ward": "Ward 11", "policeDivision": "14", "activationDate": "2008-08-11", "years": [2008, 2009, 2010, 2011, 2012, 2013, 2014, 2015, 2016, 2017, 2018, 2019, 2020, 2021, 2022, 2023, 2024], "months": [], "yearlyCounts": {"2008": 22, "2009": 109, "2010": 117, "2011": 43, "2012": 127, "2013": 71, "2014": 15, "2015": 108, "2016": 142, "2017": 34, "2018": 501, "2019": 583, "2020": 472, "2021": 548, "2022": 559, "2023": 138, "2024": 248}}, "13465837": {"id": "13465837", "locationCode": "2567", "name": "Lake Shore Blvd. and Carlaw Ave.", "longitude": -79.3374340022338, "latitude": 43.6549600017234, "ticketCount": 8818, "totalRevenue": 2865850.0, "ward": "Ward 14", "policeDivision": "55", "activationDate": "2009-08-06", "years": [2009, 2010, 2011, 2012, 2013, 2014, 2015, 2016, 2017, 2018, 2019, 2020, 2021, 2022, 2023], "months": [], "yearlyCounts": {"2009": 214, "2010": 1173, "2011": 546, "2012": 1097, "2013": 768, "2014": 623, "2015": 583, "2016": 732, "2017": 566, "2018": 650, "2019": 601, "2020": 305, "2021": 343, "2022": 345, "2023": 272}}, "13465860": {"id": "13465860", "locationCode": "2693", "name": "Jarvis St. and Shuter St.", "longitude": -79.3739169933193, "latitude": 43.6553610036448, "ticketCount": 4522, "totalRevenue": 1469650.0, "ward": "Ward 13", "policeDivision": "51", "activationDate": "2021-06-03", "years": [2021, 2022, 2023, 2024], "months": [], "yearlyCounts": {"2021": 724, "2022": 1339, "2023": 1627, "2024": 832}}, "13465876": {"id": "13465876", "locationCode": "2569", "name": "Bloor St. and Dundas St.", "longitude": -79.4524529944122, "latitude": 43.6563210073069, "ticketCount": 9298, "totalRevenue": 3021850.0, "ward": "Ward 4", "policeDivision": "11", "activationDate": "2009-08-11", "years": [2009, 2010, 2011, 2012, 2013, 2014, 2015, 2016, 2017, 2018, 2019, 2020, 2021, 2022, 2023, 2024], "months": [], "yearlyCounts": {"2009": 129, "2010": 348, "2011": 146, "2012": 297, "2013": 328, "2014": 267, "2015": 226, "2016": 198, "2017": 824, "2018": 992, "2019": 851, "2020": 589, "2021": 897, "2022": 1040, "2023": 1083, "2024": 1083}}, "13465959": {"id": "13465959", "locationCode": "2501", "name": "Richmond St. and Parliament St.", "longitude": -79.3640229981536, "latitude": 43.6545590110734, "ticketCount": 29199, "totalRevenue": 9489675.0, "ward": "Ward 13", "policeDivision": "51", "activationDate": "2007-11-09", "years": [2007, 2008, 2009, 2010, 2011, 2012, 2013, 2014, 2015, 2016, 2017, 2018, 2019, 2020, 2021, 2022, 2023, 2024], "months": [], "yearlyCounts": {"2007": 46, "2008": 1208, "2009": 909, "2010": 998, "2011": 827, "2012": 1100, "2013": 812, "2014": 721, "2015": 809, "2016": 829, "2017": 3994, "2018": 6615, "2019": 2937, "2020": 2106, "2021": 1400, "2022": 1290, "2023": 1281, "2024": 1317}}, "13465980": {"id": "13465980", "locationCode": "2675", "name": "University Ave. and Dundas St.", "longitude": -79.3883140021352, "latitude": 43.6547900061355, "ticketCount": 5776, "totalRevenue": 1877200.0, "ward": "Ward 11", "policeDivision": "52", "activationDate": "2021-06-21", "years": [2021, 2022, 2023, 2024], "months": [], "yearlyCounts": {"2021": 832, "2022": 1658, "2023": 1419, "2024": 1867}}, "13466117": {"id": "13466117", "locationCode": "2580", "name": "Adelaide St. and Parliament St.", "longitude": -79.3635979983947, "latitude": 43.6535639991237, "ticketCount": 7561, "totalRevenue": 2457325.0, "ward": "Ward 13", "policeDivision": "51", "activationDate": "2017-06-05", "years": [2017, 2018, 2019, 2020, 2021, 2022, 2023, 2024], "months": [], "yearlyCounts": {"2017": 718, "2018": 808, "2019": 1189, "2020": 435, "2021": 263, "2022": 743, "2023": 931, "2024": 2474}}, "13466139": {"id": "13466139", "locationCode": "2654", "name": "Bloor St. and Keele St. / Parkside Dr.", "longitude": -79.4600479973423, "latitude": 43.6547070009503, "ticketCount": 2207, "totalRevenue": 717275.0, "ward": "Ward 4", "policeDivision": "11", "activationDate": "2018-09-05", "years": [2018, 2019, 2020, 2021, 2022, 2023, 2024], "months": [], "yearlyCounts": {"2018": 244, "2019": 832, "2020": 493, "2021": 100, "2022": 90, "2023": 218, "2024": 230}}, "13466241": {"id": "13466241", "locationCode": "2609", "name": "King St. and Parliament St.", "longitude": -79.3632450108231, "latitude": 43.6527289986933, "ticketCount": 951, "totalRevenue": 309075.0, "ward": "Ward 13", "policeDivision": "51", "activationDate": "2017-03-10", "years": [2017, 2018, 2019, 2020, 2021, 2022, 2023, 2024], "months": [], "yearlyCounts": {"2017": 83, "2018": 148, "2019": 93, "2020": 100, "2021": 60, "2022": 143, "2023": 138, "2024": 186}}, "13466247": {"id": "13466247", "locationCode": "2784", "name": "Eglinton Ave. and Centennial Park Blvd.", "longitude": -79.5984100023943, "latitude": 43.6558339950234, "ticketCount": 3472, "totalRevenue": 1128400.0, "ward": "Ward 2", "policeDivision": "22", "activationDate": "2022-12-22", "years": [2022, 2023, 2024], "months": [], "yearlyCounts": {"2022": 30, "2023": 1884, "2024": 1558}}, "13466604": {"id": "13466604", "locationCode": "2583", "name": "University Ave. and Queen St.", "longitude": -79.3866280046579, "latitude": 43.6508519992253, "ticketCount": 7597, "totalRevenue": 2469025.0, "ward": "Ward 10", "policeDivision": "52", "activationDate": "2017-08-31", "years": [2017, 2018, 2019, 2020, 2021], "months": [], "yearlyCounts": {"2017": 740, "2018": 2287, "2019": 2292, "2020": 1407, "2021": 871}}, "13466630": {"id": "13466630", "locationCode": "2564", "name": "Jarvis St. and King St.", "longitude": -79.3719129962965, "latitude": 43.6504630011365, "ticketCount": 7833, "totalRevenue": 2545725.0, "ward": "Ward 13", "policeDivision": "51", "activationDate": "2009-08-06", "years": [2009, 2010, 2011, 2012, 2013, 2014, 2015, 2016, 2017, 2018, 2019, 2020, 2021, 2022, 2023, 2024], "months": [], "yearlyCounts": {"2009": 83, "2010": 187, "2011": 104, "2012": 94, "2013": 138, "2014": 97, "2015": 122, "2016": 200, "2017": 588, "2018": 1318, "2019": 1254, "2020": 636, "2021": 839, "2022": 822, "2023": 666, "2024": 685}}, "13466730": {"id": "13466730", "locationCode": "2579", "name": "University Ave. and Richmond St.", "longitude": -79.3862910070768, "latitude": 43.6500869989537, "ticketCount": 12700, "totalRevenue": 4127500.0, "ward": "Ward 10", "policeDivision": "52", "activationDate": "2017-07-24", "years": [2017, 2018, 2019, 2020, 2022, 2023, 2024], "months": [], "yearlyCounts": {"2017": 1334, "2018": 2941, "2019": 3106, "2020": 1325, "2022": 1041, "2023": 1815, "2024": 1138}}, "13466931": {"id": "13466931", "locationCode": "2581", "name": "University Ave. and Adelaide St.", "longitude": -79.3855560013834, "latitude": 43.6488690023181, "ticketCount": 6851, "totalRevenue": 2226575.0, "ward": "Ward 10", "policeDivision": "52", "activationDate": "2017-10-20", "years": [2017, 2018, 2019, 2020, 2021, 2022, 2023, 2024], "months": [], "yearlyCounts": {"2017": 244, "2018": 1009, "2019": 908, "2020": 685, "2021": 719, "2022": 1667, "2023": 1133, "2024": 486}}, "13467011": {"id": "13467011", "locationCode": "2566", "name": "Lower Jarvis St. and The Esplanade", "longitude": -79.3709320014031, "latitude": 43.6482249963251, "ticketCount": 15409, "totalRevenue": 5007925.0, "ward": "Ward 10", "policeDivision": "51", "activationDate": "2009-08-06", "years": [2009, 2010, 2011, 2013, 2014, 2015, 2016, 2017, 2018, 2019, 2020, 2021, 2022, 2023, 2024], "months": [], "yearlyCounts": {"2009": 414, "2010": 891, "2011": 108, "2013": 284, "2014": 727, "2015": 665, "2016": 692, "2017": 2708, "2018": 2500, "2019": 1661, "2020": 1131, "2021": 447, "2022": 1243, "2023": 1000, "2024": 938}}, "13467307": {"id": "13467307", "locationCode": "2726", "name": "Burnhamthorpe Rd. and Martin Grove Rd.", "longitude": -79.5489809979942, "latitude": 43.6488059964487, "ticketCount": 4292, "totalRevenue": 1394900.0, "ward": "Ward 2", "policeDivision": "22", "activationDate": "2022-08-29", "years": [2022, 2023, 2024], "months": [], "yearlyCounts": {"2022": 809, "2023": 1856, "2024": 1627}}, "13467345": {"id": "13467345", "locationCode": "2598", "name": "University Ave. and Wellington St.", "longitude": -79.3840989922877, "latitude": 43.6463830046885, "ticketCount": 10547, "totalRevenue": 3427775.0, "ward": "Ward 10", "policeDivision": "52", "activationDate": "2017-09-06", "years": [2017, 2018, 2019, 2020, 2021, 2022, 2024], "months": [], "yearlyCounts": {"2017": 994, "2018": 2856, "2019": 1972, "2020": 1620, "2021": 1630, "2022": 832, "2024": 643}}, "13467394": {"id": "13467394", "locationCode": "2620", "name": "Simcoe St. and Wellington St.", "longitude": -79.3855610005702, "latitude": 43.6460530112796, "ticketCount": 217, "totalRevenue": 70525.0, "ward": "Ward 10", "policeDivision": "52", "activationDate": "2017-08-08", "years": [2017, 2018, 2019, 2020, 2021, 2022, 2023, 2024], "months": [], "yearlyCounts": {"2017": 15, "2018": 49, "2019": 51, "2020": 34, "2021": 26, "2022": 1, "2023": 35, "2024": 6}}, "13467463": {"id": "13467463", "locationCode": "2766", "name": "Bloor St. and Royal York Rd.", "longitude": -79.5113630013473, "latitude": 43.6473619977117, "ticketCount": 626, "totalRevenue": 203450.0, "ward": "Ward 3", "policeDivision": "22", "activationDate": "2022-05-20", "years": [2022, 2023, 2024], "months": [], "yearlyCounts": {"2022": 172, "2023": 356, "2024": 98}}, "13467689": {"id": "13467689", "locationCode": "2542", "name": "Burnhamthorpe Rd. and The East Mall", "longitude": -79.5599919958505, "latitude": 43.6463030043403, "ticketCount": 6103, "totalRevenue": 1983475.0, "ward": "Ward 2", "policeDivision": "22", "activationDate": "2008-03-26", "years": [2008, 2009, 2010, 2011, 2013, 2014, 2015, 2016, 2017, 2018, 2019, 2020, 2021, 2022, 2023, 2024], "months": [], "yearlyCounts": {"2008": 241, "2009": 328, "2010": 168, "2011": 161, "2013": 504, "2014": 422, "2015": 504, "2016": 530, "2017": 314, "2018": 561, "2019": 408, "2020": 421, "2021": 382, "2022": 417, "2023": 189, "2024": 553}}, "13467841": {"id": "13467841", "locationCode": "2658", "name": "Bloor St. and Islington Ave.", "longitude": -79.5234379984697, "latitude": 43.6446480024837, "ticketCount": 219, "totalRevenue": 71175.0, "ward": "Ward 3", "policeDivision": "22", "activationDate": "2018-11-28", "years": [2019, 2020, 2021, 2022, 2023, 2024], "months": [], "yearlyCounts": {"2019": 11, "2020": 47, "2021": 36, "2022": 56, "2023": 51, "2024": 18}}, "13467918": {"id": "13467918", "locationCode": "2727", "name": "Burnhamthorpe Rd. and The West Mall", "longitude": -79.5672500121821, "latitude": 43.6445520063353, "ticketCount": 589, "totalRevenue": 191425.0, "ward": "Ward 2", "policeDivision": "22", "activationDate": "2021-08-27", "years": [2021, 2022, 2023, 2024], "months": [], "yearlyCounts": {"2021": 72, "2022": 152, "2023": 169, "2024": 196}}, "13467993": {"id": "13467993", "locationCode": "2502", "name": "Lake Shore Blvd. and York St.", "longitude": -79.3808680070637, "latitude": 43.6414600021636, "ticketCount": 8102, "totalRevenue": 2633150.0, "ward": "Ward 10", "policeDivision": "52", "activationDate": "2007-11-09", "years": [2007, 2008, 2009, 2010, 2011, 2012, 2013, 2014, 2015, 2016, 2017, 2018, 2019, 2020, 2021, 2022, 2023, 2024], "months": [], "yearlyCounts": {"2007": 42, "2008": 635, "2009": 165, "2010": 238, "2011": 394, "2012": 592, "2013": 249, "2014": 310, "2015": 410, "2016": 271, "2017": 45, "2018": 324, "2019": 321, "2020": 1197, "2021": 840, "2022": 757, "2023": 659, "2024": 653}}, "13468047": {"id": "13468047", "locationCode": "2810", "name": "Harbour St. and York St.", "longitude": -79.3806910080995, "latitude": 43.6410039969531, "ticketCount": 2925, "totalRevenue": 950625.0, "ward": "Ward 10", "policeDivision": "52", "activationDate": "2022-10-22", "years": [2022, 2023, 2024], "months": [], "yearlyCounts": {"2022": 9, "2023": 2389, "2024": 527}}, "13468134": {"id": "13468134", "locationCode": "2638", "name": "Spadina Ave. and Bremner Blvd. / Fort York Blvd.", "longitude": -79.393004001533, "latitude": 43.6405620021071, "ticketCount": 9808, "totalRevenue": 3187600.0, "ward": "Ward 10", "policeDivision": "14", "activationDate": "2017-09-28", "years": [2017, 2018, 2019, 2020, 2021, 2022, 2023, 2024], "months": [], "yearlyCounts": {"2017": 215, "2018": 605, "2019": 498, "2020": 1880, "2021": 1539, "2022": 1916, "2023": 1666, "2024": 1489}}, "13468144": {"id": "13468144", "locationCode": "2673", "name": "Strachan Ave. and Wellington St.", "longitude": -79.4114689982727, "latitude": 43.6407580008455, "ticketCount": 389, "totalRevenue": 126425.0, "ward": "Ward 10", "policeDivision": "14", "activationDate": "2021-06-21", "years": [2021, 2022, 2023, 2024], "months": [], "yearlyCounts": {"2021": 47, "2022": 101, "2023": 122, "2024": 119}}, "13468197": {"id": "13468197", "locationCode": "2541", "name": "Queen St. and Lansdowne Ave. / Jameson Ave.", "longitude": -79.4369899986827, "latitude": 43.6405599995531, "ticketCount": 12960, "totalRevenue": 4212000.0, "ward": "Ward 4", "policeDivision": "11", "activationDate": "2009-01-21", "years": [2009, 2010, 2011, 2012, 2013, 2014, 2015, 2016, 2017, 2018, 2019, 2020, 2021, 2022, 2023, 2024], "months": [], "yearlyCounts": {"2009": 162, "2010": 344, "2011": 350, "2012": 802, "2013": 564, "2014": 812, "2015": 1056, "2016": 1145, "2017": 943, "2018": 746, "2019": 1498, "2020": 794, "2021": 605, "2022": 935, "2023": 1130, "2024": 1074}}, "13468307": {"id": "13468307", "locationCode": "2585", "name": "Lake Shore Blvd. and Spadina Ave. / Lower Spadina Ave.", "longitude": -79.3922259986906, "latitude": 43.6384530045981, "ticketCount": 6399, "totalRevenue": 2079675.0, "ward": "Ward 10", "policeDivision": "14", "activationDate": "2017-08-08", "years": [2017, 2018, 2019, 2020, 2021, 2022, 2023, 2024], "months": [], "yearlyCounts": {"2017": 439, "2018": 437, "2019": 289, "2020": 1267, "2021": 1142, "2022": 1171, "2023": 790, "2024": 864}}, "13468751": {"id": "13468751", "locationCode": "2592", "name": "Bloor St. and The East Mall", "longitude": -79.5567089997178, "latitude": 43.6369290009577, "ticketCount": 1678, "totalRevenue": 545350.0, "ward": "Ward 2", "policeDivision": "22", "activationDate": "2017-12-19", "years": [2017, 2018, 2019, 2020, 2021, 2022, 2023, 2024], "months": [], "yearlyCounts": {"2017": 9, "2018": 143, "2019": 125, "2020": 295, "2021": 221, "2022": 268, "2023": 325, "2024": 292}}, "13468803": {"id": "13468803", "locationCode": "2640", "name": "Lake Shore Blvd. and Strachan Ave.", "longitude": -79.4087450089457, "latitude": 43.6344420021957, "ticketCount": 2788, "totalRevenue": 906100.0, "ward": "Ward 10", "policeDivision": "14", "activationDate": "2017-10-06", "years": [2017, 2018, 2019, 2020, 2021, 2022, 2023, 2024], "months": [], "yearlyCounts": {"2017": 104, "2018": 756, "2019": 510, "2020": 204, "2021": 217, "2022": 217, "2023": 416, "2024": 364}}, "13468837": {"id": "13468837", "locationCode": "2537", "name": "Lake Shore Blvd. and Windermere Ave.", "longitude": -79.46814699688, "latitude": 43.6351890029381, "ticketCount": 16179, "totalRevenue": 5258175.0, "ward": "Ward 4", "policeDivision": "11", "activationDate": "2008-05-29", "years": [2008, 2009, 2010, 2011, 2012, 2013, 2014, 2015, 2016, 2017, 2018, 2019, 2020, 2021, 2022, 2023, 2024], "months": [], "yearlyCounts": {"2008": 579, "2009": 389, "2010": 1040, "2011": 955, "2012": 1220, "2013": 1366, "2014": 770, "2015": 896, "2016": 1288, "2017": 1344, "2018": 1587, "2019": 1367, "2020": 875, "2021": 733, "2022": 474, "2023": 507, "2024": 789}}, "13468898": {"id": "13468898", "locationCode": "2531", "name": "Bloor St. and The West Mall", "longitude": -79.5623179959463, "latitude": 43.6356249939783, "ticketCount": 6518, "totalRevenue": 2118350.0, "ward": "Ward 2", "policeDivision": "22", "activationDate": "2009-03-19", "years": [2009, 2010, 2011, 2012, 2013, 2014, 2015, 2016, 2017, 2018, 2019, 2020, 2021, 2022, 2023, 2024], "months": [], "yearlyCounts": {"2009": 117, "2010": 240, "2011": 232, "2012": 333, "2013": 253, "2014": 202, "2015": 183, "2016": 184, "2017": 38, "2018": 205, "2019": 190, "2020": 539, "2021": 783, "2022": 1070, "2023": 1169, "2024": 780}}, "13468970": {"id": "13468970", "locationCode": "2617", "name": "Lake Shore Blvd. and Jameson Ave.", "longitude": -79.4345630018802, "latitude": 43.6333410037216, "ticketCount": 16486, "totalRevenue": 5357950.0, "ward": "Ward 4", "policeDivision": "14", "activationDate": "2017-07-10", "years": [2017, 2018, 2019, 2020, 2021, 2022, 2023, 2024], "months": [], "yearlyCounts": {"2017": 2139, "2018": 3336, "2019": 3125, "2020": 1692, "2021": 973, "2022": 1457, "2023": 1882, "2024": 1882}}, "13469508": {"id": "13469508", "locationCode": "2639", "name": "The Queensway and Royal York Rd.", "longitude": -79.5026320022918, "latitude": 43.6263360042642, "ticketCount": 257, "totalRevenue": 83525.0, "ward": "Ward 3", "policeDivision": "22", "activationDate": "2017-06-05", "years": [2017, 2018, 2019, 2020, 2021, 2022, 2023, 2024], "months": [], "yearlyCounts": {"2017": 49, "2018": 43, "2019": 31, "2020": 23, "2021": 10, "2022": 17, "2023": 41, "2024": 43}}, "13469683": {"id": "13469683", "locationCode": "2586", "name": "Lake Shore Blvd. and Park Lawn Rd. / Marine Parade Dr.", "longitude": -79.4812110096601, "latitude": 43.6229680112056, "ticketCount": 2228, "totalRevenue": 724100.0, "ward": "Ward 3", "policeDivision": "22", "activationDate": "2017-10-06", "years": [2017, 2018, 2019, 2020, 2021, 2022, 2023, 2024], "months": [], "yearlyCounts": {"2017": 71, "2018": 230, "2019": 288, "2020": 309, "2021": 310, "2022": 363, "2023": 349, "2024": 308}}, "13469800": {"id": "13469800", "locationCode": "2600", "name": "The Queensway and Kipling Ave.", "longitude": -79.5267410052857, "latitude": 43.6209179956827, "ticketCount": 1294, "totalRevenue": 420550.0, "ward": "Ward 3", "policeDivision": "22", "activationDate": "2018-09-05", "years": [2018, 2019, 2020, 2021, 2022, 2023, 2024], "months": [], "yearlyCounts": {"2018": 75, "2019": 222, "2020": 171, "2021": 145, "2022": 161, "2023": 248, "2024": 272}}, "13469971": {"id": "13469971", "locationCode": "2746", "name": "Evans Ave. and Horner Ave.", "longitude": -79.5188459932174, "latitude": 43.6169930013198, "ticketCount": 558, "totalRevenue": 181350.0, "ward": "Ward 3", "policeDivision": "22", "activationDate": "2021-09-30", "years": [2021, 2022, 2023, 2024], "months": [], "yearlyCounts": {"2021": 45, "2022": 204, "2023": 182, "2024": 127}}, "13469998": {"id": "13469998", "locationCode": "2611", "name": "The Queensway and The East Mall", "longitude": -79.5462869918465, "latitude": 43.6164190042953, "ticketCount": 5325, "totalRevenue": 1730625.0, "ward": "Ward 3", "policeDivision": "22", "activationDate": "2017-10-06", "years": [2017, 2018, 2019, 2020, 2021, 2022, 2023, 2024], "months": [], "yearlyCounts": {"2017": 174, "2018": 937, "2019": 809, "2020": 749, "2021": 814, "2022": 871, "2023": 541, "2024": 430}}, "13470082": {"id": "13470082", "locationCode": "2535", "name": "The Queensway and North Queen St.", "longitude": -79.5561539918499, "latitude": 43.6142170046664, "ticketCount": 2251, "totalRevenue": 731575.0, "ward": "Ward 3", "policeDivision": "22", "activationDate": "2009-04-02", "years": [2008, 2009, 2010, 2011, 2012, 2013, 2014, 2015, 2016, 2017, 2018, 2019, 2020, 2021, 2022, 2023, 2024], "months": [], "yearlyCounts": {"2008": 1, "2009": 71, "2010": 119, "2011": 126, "2012": 201, "2013": 186, "2014": 116, "2015": 111, "2016": 197, "2017": 68, "2018": 185, "2019": 154, "2020": 164, "2021": 159, "2022": 106, "2023": 68, "2024": 219}}, "13470138": {"id": "13470138", "locationCode": "2532", "name": "The Queensway and The West Mall", "longitude": -79.5626769977969, "latitude": 43.6123069968059, "ticketCount": 5144, "totalRevenue": 1671800.0, "ward": "Ward 3", "policeDivision": "22", "activationDate": "2008-11-20", "years": [2008, 2009, 2010, 2011, 2012, 2013, 2014, 2015, 2016, 2017, 2018, 2019, 2020, 2021, 2022, 2023, 2024], "months": [], "yearlyCounts": {"2008": 27, "2009": 216, "2010": 79, "2011": 224, "2012": 369, "2013": 494, "2014": 811, "2015": 346, "2016": 368, "2017": 400, "2018": 240, "2019": 266, "2020": 234, "2021": 221, "2022": 269, "2023": 230, "2024": 350}}, "13470261": {"id": "13470261", "locationCode": "2534", "name": "Kipling Ave. and Horner Ave.", "longitude": -79.5207509976317, "latitude": 43.6072009967797, "ticketCount": 563, "totalRevenue": 182975.0, "ward": "Ward 3", "policeDivision": "22", "activationDate": "2008-03-19", "years": [2008, 2009, 2010, 2011, 2012, 2013, 2014, 2015, 2016, 2017, 2018, 2019, 2020, 2021, 2022, 2024], "months": [], "yearlyCounts": {"2008": 29, "2009": 20, "2010": 11, "2011": 5, "2012": 34, "2013": 35, "2014": 32, "2015": 20, "2016": 16, "2017": 1, "2018": 22, "2019": 63, "2020": 125, "2021": 54, "2022": 66, "2024": 30}}, "13470661": {"id": "13470661", "locationCode": "2533", "name": "Lake Shore Blvd. and Thirty Seventh St.", "longitude": -79.5381799940711, "latitude": 43.5933960003353, "ticketCount": 12109, "totalRevenue": 3935425.0, "ward": "Ward 3", "policeDivision": "22", "activationDate": "2009-03-19", "years": [2009, 2010, 2011, 2012, 2013, 2014, 2015, 2016, 2017, 2018, 2019, 2020, 2021, 2022, 2023, 2024], "months": [], "yearlyCounts": {"2009": 625, "2010": 869, "2011": 480, "2012": 885, "2013": 668, "2014": 268, "2015": 1015, "2016": 709, "2017": 655, "2018": 948, "2019": 1000, "2020": 975, "2021": 767, "2022": 774, "2023": 681, "2024": 790}}, "14038170": {"id": "14038170", "locationCode": "2518", "name": "Midland Ave. and McNicoll Ave.", "longitude": -79.2922180081124, "latitude": 43.8145780077135, "ticketCount": 4858, "totalRevenue": 1578850.0, "ward": "Ward 22", "policeDivision": "42", "activationDate": "2008-10-09", "years": [2008, 2009, 2010, 2011, 2012, 2013, 2014, 2015, 2016, 2017, 2018, 2019, 2020, 2021, 2022, 2023, 2024], "months": [], "yearlyCounts": {"2008": 121, "2009": 395, "2010": 383, "2011": 356, "2012": 307, "2013": 238, "2014": 253, "2015": 341, "2016": 344, "2017": 152, "2018": 187, "2019": 81, "2020": 359, "2021": 431, "2022": 324, "2023": 298, "2024": 288}}, "14134984": {"id": "14134984", "locationCode": "2696", "name": "Lake Shore Blvd. and Lower Simcoe St.", "longitude": -79.3831869970504, "latitude": 43.6403400048128, "ticketCount": 138, "totalRevenue": 44850.0, "ward": "Ward 10", "policeDivision": "52", "activationDate": "2021-09-13", "years": [2021, 2022, 2023, 2024], "months": [], "yearlyCounts": {"2021": 14, "2022": 23, "2023": 48, "2024": 53}}, "14228400": {"id": "14228400", "locationCode": "2578", "name": "Kennedy Rd. and HWY 401 C E Kennedy Off Ramp / William Kitchen Rd.", "longitude": -79.2838680047475, "latitude": 43.7731870021528, "ticketCount": 26861, "totalRevenue": 8729825.0, "ward": "Ward 21", "policeDivision": "41", "activationDate": "2017-12-19", "years": [2017, 2018, 2019, 2020, 2021, 2022, 2023, 2024], "months": [], "yearlyCounts": {"2017": 104, "2018": 5641, "2019": 5454, "2020": 4890, "2021": 2662, "2022": 2273, "2023": 2196, "2024": 3641}}, "14257757": {"id": "14257757", "locationCode": "2815", "name": "The Queensway and 427 C S Queensway Ramp", "longitude": -79.5522650039319, "latitude": 43.6150680064914, "ticketCount": 308, "totalRevenue": 100100.0, "ward": "Ward 3", "policeDivision": "22", "activationDate": "2024-04-05", "years": [2024], "months": [], "yearlyCounts": {"2024": 308}}, "14606950": {"id": "14606950", "locationCode": "2777", "name": "Morningside Ave. and Finch Ave. / Staines Rd.", "longitude": -79.2210720047449, "latitude": 43.8196980057598, "ticketCount": 4204, "totalRevenue": 1366300.0, "ward": "Ward 25", "policeDivision": "42", "activationDate": "2022-06-29", "years": [2022, 2023, 2024], "months": [], "yearlyCounts": {"2022": 1085, "2023": 1676, "2024": 1443}}, "20154546": {"id": "20154546", "locationCode": "2707", "name": "Morningside Ave. and Hwy. 401 N Ramp", "longitude": -79.1977450106576, "latitude": 43.7978289967425, "ticketCount": 1934, "totalRevenue": 628550.0, "ward": "Ward 25", "policeDivision": "42", "activationDate": "2021-06-23", "years": [2021, 2022, 2023, 2024], "months": [], "yearlyCounts": {"2021": 487, "2022": 643, "2023": 379, "2024": 425}}, "HIST-2506": {"id": "HIST-2506", "locationCode": "2506", "name": "Albion Rd. and Finch Ave.*", "longitude": -79.51500667675, "latitude": 43.693074084749995, "ticketCount": 1175, "totalRevenue": 381875.0, "ward": "Ward 1", "policeDivision": "Unknown", "activationDate": null, "years": [2009, 2010, 2011, 2012, 2013, 2014, 2015, 2016, 2017], "months": [], "yearlyCounts": {"2009": 93, "2010": 171, "2011": 145, "2012": 251, "2013": 160, "2014": 110, "2015": 70, "2016": 143, "2017": 32}}, "HIST-2514": {"id": "HIST-2514", "locationCode": "2514", "name": "Finch Ave. and Willowdale Ave.", "longitude": -79.4494370605, "latitude": 43.725388599249996, "ticketCount": 1538, "totalRevenue": 499850.0, "ward": "Ward 18", "policeDivision": "Unknown", "activationDate": null, "years": [2009, 2010, 2012, 2013, 2014, 2015, 2016, 2017, 2018, 2019], "months": [], "yearlyCounts": {"2009": 184, "2010": 217, "2012": 233, "2013": 182, "2014": 169, "2015": 176, "2016": 180, "2017": 22, "2018": 118, "2019": 57}}, "HIST-2544": {"id": "HIST-2544", "locationCode": "2544", "name": "Eglinton Ave. and Bermondsey Rd. / Sloane Ave.*", "longitude": -79.28494552250001, "latitude": 43.6863867725, "ticketCount": 6340, "totalRevenue": 2060500.0, "ward": "Ward 16", "policeDivision": "Unknown", "activationDate": null, "years": [2008, 2009, 2010, 2011, 2012, 2013, 2014, 2015, 2016, 2017], "months": [], "yearlyCounts": {"2008": 835, "2009": 677, "2010": 889, "2011": 522, "2012": 535, "2013": 647, "2014": 705, "2015": 604, "2016": 609, "2017": 317}}, "HIST-2547": {"id": "HIST-2547", "locationCode": "2547", "name": "O Connor Dr. and Bermondsey Rd. / Yardley Ave.", "longitude": -79.32857906875648, "latitude": 43.70046600422692, "ticketCount": 4756, "totalRevenue": 1545700.0, "ward": "Ward 19", "policeDivision": "Unknown", "activationDate": null, "years": [2008, 2009, 2010, 2011, 2012, 2013, 2014, 2015, 2016, 2017, 2018, 2019, 2020, 2021, 2022, 2023], "months": [], "yearlyCounts": {"2008": 150, "2009": 320, "2010": 348, "2011": 190, "2012": 387, "2013": 251, "2014": 285, "2015": 345, "2016": 358, "2017": 142, "2018": 276, "2019": 206, "2020": 643, "2021": 449, "2022": 282, "2023": 124}}, "HIST-2753": {"id": "HIST-2753", "locationCode": "2753", "name": "Lake Shore Blvd. and Bathurst st", "longitude": -79.39920073124999, "latitude": 43.665212223, "ticketCount": 1005, "totalRevenue": 326625.0, "ward": "Ward 10", "policeDivision": "Unknown", "activationDate": null, "years": [2022, 2023, 2024], "months": [], "yearlyCounts": {"2022": 144, "2023": 377, "2024": 484}}, "HIST-2552": {"id": "HIST-2552", "locationCode": "2552", "name": "Eglinton Ave. and Victoria Park Ave.*", "longitude": -79.29051665700001, "latitude": 43.69770690775, "ticketCount": 3286, "totalRevenue": 1067950.0, "ward": "Ward 16", "policeDivision": "Unknown", "activationDate": null, "years": [2008, 2009, 2010, 2011, 2012, 2013, 2014, 2015, 2016, 2017], "months": [], "yearlyCounts": {"2008": 4, "2009": 221, "2010": 474, "2011": 327, "2012": 447, "2013": 431, "2014": 402, "2015": 322, "2016": 375, "2017": 283}}, "HIST-2553": {"id": "HIST-2553", "locationCode": "2553", "name": "Eastern Ave. and Coxwell Ave.", "longitude": -79.31774181479167, "latitude": 43.666609634124995, "ticketCount": 2896, "totalRevenue": 941200.0, "ward": "Ward 14", "policeDivision": "Unknown", "activationDate": null, "years": [2009, 2010, 2011, 2012, 2013, 2014, 2015, 2016, 2017, 2018, 2019, 2020, 2021, 2022, 2023, 2024], "months": [], "yearlyCounts": {"2009": 47, "2010": 181, "2011": 129, "2012": 164, "2013": 178, "2014": 189, "2015": 138, "2016": 151, "2017": 86, "2018": 219, "2019": 324, "2020": 259, "2021": 169, "2022": 374, "2023": 183, "2024": 105}}, "HIST-2554": {"id": "HIST-2554", "locationCode": "2554", "name": "Jarvis St. and Dundas St.*", "longitude": -79.44081915250001, "latitude": 43.666928927, "ticketCount": 2944, "totalRevenue": 956800.0, "ward": "Ward 13", "policeDivision": "Unknown", "activationDate": null, "years": [2009, 2010, 2011, 2012, 2013, 2014, 2015, 2016], "months": [], "yearlyCounts": {"2009": 346, "2010": 494, "2011": 365, "2012": 427, "2013": 303, "2014": 254, "2015": 290, "2016": 465}}, "HIST-2557": {"id": "HIST-2557", "locationCode": "2557", "name": "Eglinton Ave. and Birchmount Rd.*", "longitude": -79.2892239585, "latitude": 43.72849531875, "ticketCount": 1755, "totalRevenue": 570375.0, "ward": "Ward 21", "policeDivision": "Unknown", "activationDate": null, "years": [2008, 2009, 2010, 2011, 2012, 2013, 2014, 2015, 2016, 2017], "months": [], "yearlyCounts": {"2008": 2, "2009": 56, "2010": 197, "2011": 181, "2012": 234, "2013": 271, "2014": 219, "2015": 225, "2016": 249, "2017": 121}}, "HIST-2570": {"id": "HIST-2570", "locationCode": "2570", "name": "Yonge St. and Lawrence Ave.", "longitude": -79.37131693915626, "latitude": 43.755305981843755, "ticketCount": 10004, "totalRevenue": 3251300.0, "ward": "Ward 8", "policeDivision": "Unknown", "activationDate": null, "years": [2009, 2010, 2011, 2012, 2013, 2014, 2015, 2016, 2017, 2018, 2019, 2020, 2021, 2022, 2023, 2024], "months": [], "yearlyCounts": {"2009": 188, "2010": 131, "2011": 740, "2012": 963, "2013": 864, "2014": 772, "2015": 402, "2016": 255, "2017": 155, "2018": 272, "2019": 211, "2020": 271, "2021": 1360, "2022": 1339, "2023": 1136, "2024": 945}}, "HIST-2571": {"id": "HIST-2571", "locationCode": "2571", "name": "Spadina Ave. and Adelaide St.*", "longitude": -79.5189473695, "latitude": 43.70755227725, "ticketCount": 839, "totalRevenue": 272675.0, "ward": "Ward 13", "policeDivision": "Unknown", "activationDate": null, "years": [2010, 2011, 2012, 2013, 2014, 2015, 2016, 2017, 2018, 2019], "months": [], "yearlyCounts": {"2010": 38, "2011": 63, "2012": 5, "2013": 110, "2014": 134, "2015": 175, "2016": 206, "2017": 71, "2018": 15, "2019": 22}}, "HIST-2573": {"id": "HIST-2573", "locationCode": "2573", "name": "Eglinton Ave. and Mount Pleasant Rd.*", "longitude": -79.340787094, "latitude": 43.7054825905, "ticketCount": 1016, "totalRevenue": 330200.0, "ward": "Ward 12", "policeDivision": "Unknown", "activationDate": null, "years": [2009, 2010, 2011, 2012, 2013, 2014, 2015, 2016], "months": [], "yearlyCounts": {"2009": 93, "2010": 221, "2011": 156, "2012": 109, "2013": 121, "2014": 143, "2015": 149, "2016": 24}}, "HIST-2582": {"id": "HIST-2582", "locationCode": "2582", "name": "Dixon Rd. and Martin Grove Rd.", "longitude": -79.57065739591667, "latitude": 43.69591733833333, "ticketCount": 1109, "totalRevenue": 360425.0, "ward": "Ward 1", "policeDivision": "Unknown", "activationDate": null, "years": [2017, 2018, 2019, 2020, 2021, 2022], "months": [], "yearlyCounts": {"2017": 150, "2018": 314, "2019": 240, "2020": 217, "2021": 111, "2022": 77}}, "HIST-2591": {"id": "HIST-2591", "locationCode": "2591", "name": "Finch Ave. and Sentinel Rd.*", "longitude": -79.4919348, "latitude": 43.70683710025, "ticketCount": 490, "totalRevenue": 159250.0, "ward": "Ward 7", "policeDivision": "Unknown", "activationDate": null, "years": [2017, 2018], "months": [], "yearlyCounts": {"2017": 341, "2018": 149}}, "HIST-2593": {"id": "HIST-2593", "locationCode": "2593", "name": "Albion Rd. and Finch Ave.*", "longitude": -79.51500667675, "latitude": 43.693074084749995, "ticketCount": 172, "totalRevenue": 55900.0, "ward": "Ward 1", "policeDivision": "Unknown", "activationDate": null, "years": [2017, 2018], "months": [], "yearlyCounts": {"2017": 116, "2018": 56}}, "HIST-2596": {"id": "HIST-2596", "locationCode": "2596", "name": "Finch Ave. and Martin Grove Rd.*", "longitude": -79.53301970091667, "latitude": 43.684069756583334, "ticketCount": 178, "totalRevenue": 57850.0, "ward": "Ward 1", "policeDivision": "Unknown", "activationDate": null, "years": [2017, 2018], "months": [], "yearlyCounts": {"2017": 123, "2018": 55}}, "HIST-2604": {"id": "HIST-2604", "locationCode": "2604", "name": "Dundas St. and River St.", "longitude": -79.43078078677777, "latitude": 43.66455066736111, "ticketCount": 777, "totalRevenue": 252525.0, "ward": "Ward 13", "policeDivision": "Unknown", "activationDate": null, "years": [2017, 2018, 2019, 2020, 2022], "months": [], "yearlyCounts": {"2017": 174, "2018": 268, "2019": 209, "2020": 122, "2022": 4}}, "HIST-2629": {"id": "HIST-2629", "locationCode": "2629", "name": "Islington Ave. and The Queensway", "longitude": -79.532241889, "latitude": 43.666718990583334, "ticketCount": 266, "totalRevenue": 86450.0, "ward": "Ward 3", "policeDivision": "Unknown", "activationDate": null, "years": [2018, 2019, 2020], "months": [], "yearlyCounts": {"2018": 94, "2019": 65, "2020": 107}}, "HIST-2630": {"id": "HIST-2630", "locationCode": "2630", "name": "Yonge St. and Steeles Ave.", "longitude": -79.4303918815, "latitude": 43.7286692045, "ticketCount": 676, "totalRevenue": 219700.0, "ward": "Ward 18", "policeDivision": "Unknown", "activationDate": null, "years": [2017, 2018, 2019, 2022, 2023, 2024], "months": [], "yearlyCounts": {"2017": 128, "2018": 170, "2019": 6, "2022": 92, "2023": 98, "2024": 182}}, "HIST-2633": {"id": "HIST-2633", "locationCode": "2633", "name": "Finch Ave. and Signet Dr.*", "longitude": -79.5140482865, "latitude": 43.711245380250006, "ticketCount": 1246, "totalRevenue": 404950.0, "ward": "Ward 7", "policeDivision": "Unknown", "activationDate": null, "years": [2017, 2018], "months": [], "yearlyCounts": {"2017": 523, "2018": 723}}, "HIST-2644": {"id": "HIST-2644", "locationCode": "2644", "name": "Highway 27 and Finch Ave.*", "longitude": -79.38962523016667, "latitude": 43.69885598849999, "ticketCount": 499, "totalRevenue": 162175.0, "ward": "Ward 1", "policeDivision": "Unknown", "activationDate": null, "years": [2017, 2018], "months": [], "yearlyCounts": {"2017": 346, "2018": 153}}, "HIST-2651": {"id": "HIST-2651", "locationCode": "2651", "name": "Finch Ave. and Norfinch Dr. / Oakdale Rd.*", "longitude": -79.38962523016667, "latitude": 43.69885598849999, "ticketCount": 50, "totalRevenue": 16250.0, "ward": "Ward 7", "policeDivision": "Unknown", "activationDate": null, "years": [2017, 2018], "months": [], "yearlyCounts": {"2017": 35, "2018": 15}}, "HIST-2659": {"id": "HIST-2659", "locationCode": "2659", "name": "Steeles Ave. and Highway 27", "longitude": -79.4464624665, "latitude": 43.683680622333334, "ticketCount": 809, "totalRevenue": 262925.0, "ward": "Ward 1", "policeDivision": "Unknown", "activationDate": null, "years": [2019, 2020, 2021, 2022, 2023, 2024], "months": [], "yearlyCounts": {"2019": 30, "2020": 137, "2021": 146, "2022": 207, "2023": 98, "2024": 191}}, "HIST-2669": {"id": "HIST-2669", "locationCode": "2669", "name": "Kingston Rd. and Brimley Rd.", "longitude": -79.21786438183334, "latitude": 43.78179590175, "ticketCount": 840, "totalRevenue": 273000.0, "ward": "Ward 20", "policeDivision": "Unknown", "activationDate": null, "years": [2021, 2022, 2023, 2024], "months": [], "yearlyCounts": {"2021": 230, "2022": 313, "2023": 198, "2024": 99}}, "HIST-2691": {"id": "HIST-2691", "locationCode": "2691", "name": "Highway 27 and Rexdale Blvd.", "longitude": -79.59199033403077, "latitude": 43.71668196923834, "ticketCount": 359, "totalRevenue": 116675.0, "ward": "Ward 1", "policeDivision": "Unknown", "activationDate": null, "years": [2021, 2022, 2023, 2024], "months": [], "yearlyCounts": {"2021": 82, "2022": 41, "2023": 113, "2024": 123}}, "HIST-2738": {"id": "HIST-2738", "locationCode": "2738", "name": "O'Connor Dr. and Sunrise Ave.", "longitude": -79.30910156791666, "latitude": 43.7146318035, "ticketCount": 352, "totalRevenue": 114400.0, "ward": "Ward 16", "policeDivision": "Unknown", "activationDate": null, "years": [2021, 2022, 2023, 2024], "months": [], "yearlyCounts": {"2021": 16, "2022": 137, "2023": 112, "2024": 87}}, "HIST-2744": {"id": "HIST-2744", "locationCode": "2744", "name": "Rexdale Blvd. and Queens Plate Dr.", "longitude": -79.59386243245783, "latitude": 43.71740573395181, "ticketCount": 5296, "totalRevenue": 1721200.0, "ward": "Ward 1", "policeDivision": "Unknown", "activationDate": null, "years": [2022, 2023, 2024], "months": [], "yearlyCounts": {"2022": 583, "2023": 2763, "2024": 1950}}, "HIST-2745": {"id": "HIST-2745", "locationCode": "2745", "name": "Yonge St. and Richmond St.", "longitude": -79.45975682491667, "latitude": 43.73563563725, "ticketCount": 505, "totalRevenue": 164125.0, "ward": "Ward 13", "policeDivision": "Unknown", "activationDate": null, "years": [2022, 2023, 2024], "months": [], "yearlyCounts": {"2022": 72, "2023": 321, "2024": 112}}, "HIST-2755": {"id": "HIST-2755", "locationCode": "2755", "name": "O'Connor Dr. and Pape Ave.", "longitude": -79.340440428625, "latitude": 43.696614028, "ticketCount": 1828, "totalRevenue": 594100.0, "ward": "Ward 14", "policeDivision": "Unknown", "activationDate": null, "years": [2022, 2023, 2024], "months": [], "yearlyCounts": {"2022": 779, "2023": 572, "2024": 477}}, "HIST-2762": {"id": "HIST-2762", "locationCode": "2762", "name": "McCowan Rd. and Bushby Rd.", "longitude": -79.25200471018563, "latitude": 43.77239583546437, "ticketCount": 1270, "totalRevenue": 412750.0, "ward": "Ward 21", "policeDivision": "Unknown", "activationDate": null, "years": [2022, 2023, 2024], "months": [], "yearlyCounts": {"2022": 350, "2023": 596, "2024": 324}}, "HIST-2785": {"id": "HIST-2785", "locationCode": "2785", "name": "Hwy. 404 and Steeles Ave.", "longitude": -79.4464624665, "latitude": 43.683680622333334, "ticketCount": 454, "totalRevenue": 147550.0, "ward": "Ward 17", "policeDivision": "Unknown", "activationDate": null, "years": [2024], "months": [], "yearlyCounts": {"2024": 454}}, "HIST-2795": {"id": "HIST-2795", "locationCode": "2795", "name": "Highway 27 and Carrier Dr.", "longitude": -79.60965151356426, "latitude": 43.74113967124686, "ticketCount": 274, "totalRevenue": 89050.0, "ward": "Ward 1", "policeDivision": "Unknown", "activationDate": null, "years": [2022, 2023, 2024], "months": [], "yearlyCounts": {"2022": 3, "2023": 143, "2024": 128}}, "HIST-2796": {"id": "HIST-2796", "locationCode": "2796", "name": "Rexdale Blvd. and Islington Ave.**", "longitude": -79.55924284183334, "latitude": 43.714204837, "ticketCount": 0, "totalRevenue": 0.0, "ward": "Ward 1", "policeDivision": "Unknown", "activationDate": null, "years": [], "months": [], "yearlyCounts": {}}}, "meta": {"historicalLocationCodes": ["2539", "2560", "2595", "2624", "2625", "2729", "2758"], "historicalLocationCount": 7, "historicalTicketCount": 17747}}